4892 5667
889 831 980 912 ALll
1003 781 1271 910 antonina.
1696 862 1767 936 291

534 973 606 1052 Sub
619 971 794 1050 Eustathii
807 975 994 1046 Astuoctm
1009 975 1157 1048 nomine
1173 981 1351 1068 Lteurgiam
1366 977 1386 1052 ὲ
1401 979 1538 1087 Syriaco
1550 983 1672 1058 Latine
1691 1013 1770 1064 ver.

377 1077 450 1152 sam
465 1073 576 1151 edidit
592 1077 643 1158 V.
660 1075 701 1148 C.
716 1069 887 1148 Eusebius
899 1066 1146 1159 aemulatus,
1170 1075 1218 1148 T.
1236 1095 1273 1150 2.
1295 1071 1511 1153 collectionis
1532 1079 1768 1186 Liturgiarum

379 1177 552 1255 Oriental.
576 1199 612 1274 p.
632 1193 719 1268 ης.
765 1166 911 1269 hacipit:
949 1171 1036 1240 Deus
1057 1172 1187 1240 clemens
1208 1169 1246 1248 ὅ
1270 1177 1375 1245 mauu
1400 1175 1621 1270 misericordia.
1668 1184 1767 1266 Parii:

382 1283 493 1372 1716.
515 1295 551 1369 4.
595 1273 823 1354 nutusnuaiu
836 1271 1053 1339 Hexaemeron
1065 1266 1164 1367 qvod
1180 1269 1352 1346 Eustathii
1367 1297 1501 1349 nomen
1538 1275 1670 1372 exten,
1687 1285 1770 1360 Dio-

380 1373 471 1452 doto
486 1367 652 1446 'Parsettfi
663 1365 784 1444 deberi
793 1362 981 1465 suspicatus
994 1363 1050 1439 vis
1065 1364 1316 1476 eruditissimus
1329 1374 1380 1449 M.
1398 1375 1445 1446 V.
1460 1377 1491 1449 la
1505 1301 1619 1452 grose.
1664 1369 1770 1481 apud

382 1477 420 1550 s.
435 1473 633 1546 Maximum
646 1469 693 1541 T.
708 1489 743 1544 2.
754 1491 791 1567 p.
806 1489 888 1562 152.
902 1465 970 1541 hoc
985 1463 1158 1539 Eustathn
1171 1462 1312 1542 dietum
1324 1470 1453 1546 exstat:
1485 1475 1625 1563 otnant
1643 1479 1694 1557 s'ss
1705 1485 1770 1574 oa-

386 1568 463 1656 1-1κῆ
486 1556 575 1664 λα’γε
597 1562 626 1654 ὗ
652 1569 684 1641 s's
702 1565 772 1648 ἡμῖν
796 1567 918 1644 κίνησις.
973 1565 1110 1648 Θίλησίς
1133 1563 1198 1645 ἐςιν
1229 1564 1324 1668 ὄρεξις
1355 1572 1478 1663 uoysstu'
1500 1605 1535 1649 u
1565 1583 1618 1664 m
1650 1572 1771 1681 ζωῇχῆ,
1859 1577 1867 1593 “

390 1672 560 1758 Voluntas,
586 1670 745 1740 naturalis
771 1666 811 1761 est
832 1686 933 1734 motus
953 1663 1114 1760 existentis
1139 1674 1174 1736 iu
1200 1668 1288 1737 nobis
1305 1678 1448 1744 rationis.
1500 1677 1655 1750 Voluntas
1681 1705 1771 1780 appe·

383 1778 468 1838 titus
490 1770 714 1864 estratiottolis
735 1763 773 1841 di
795 1766 953 1845 assimulo,
1019 1760 1092 1838 Alia
1118 1762 1164 1839 de
1190 1765 1260 1840 hoc
1291 1768 1472 1846 Eustathio
1500 1775 1650 1859 Volunt.
1677 1781 1770 1866 VIII.

379 1891 464 1967 pag.
494 1875 665 1957 166·189.

547 1963 749 2040 Eustathius
855 1967 1010 2037 hacteuus
1033 1960 1096 2040 sub
1123 1968 1291 2042 Manuele
1312 1969 1531 2065 Comneno‚
1563 1973 1618 2051 vir
1641 1975 1796 2057 dodino·

380 2062 443 2140 sed
466 2062 511 2136 ob
545 2061 692 2174 haeresin
715 1970 855 2139 midaiiy
859 2065 897 2139 in
920 2062 1078 2144 exilium.
1143 2064 1239 2142 Vide
1263 2067 1375 2144 allatii
1406 2071 1503 2172 praef.
1540 2073 1585 2150 ad
1609 2091 1770 2179 excerpta

381 2164 576 2244 Rhetorum
592 2174 624 2239 ot
637 2161 694 2237 nb.
710 2186 745 2239 2.
760 2166 805 2239 de
818 2162 986 2239 consensu
999 2188 1073 2265 cap.
1090 2186 1146 2242 12.
1162 2174 1197 2255 §.
1216 2188 1248 2262 5.

547 2261 747 2337 Eustathius
770 2265 920 2361 utagijter
937 2267 1114 2340 Romanus
1136 2262 1199 2364 qui
1218 2262 1348 2366 scripsit
1363 2265 1410 2342 de
1422 2269 1610 2371 Hypobolo
1623 2272 1696 2353 five
1715 2275 1771 2354 in·

380 2373 577 2470 cremento·
585 2361 678 2437 dotis
706 2361 805 2474 quod
826 2363 904 2463 post
928 2377 1079 2439 mortem
1101 2361 1216 2438 mariti
1241 2369 1329 2441 ultra
1355 2364 1477 2445 dotem
1503 2369 1648 2450 dabatur
1669 2376 1770 2456 uxori

378 2467 457 2544 MS.
478 2461 519 2537 in
530 2460 620 2536 Cod.
638 2465 747 2562 Regio
764 2481 872 2554 2023.
893 2461 973 2536 citat
987 2461 1143 2564 Cangius
1163 2458 1204 2540 in
1217 2461 1389 2554 υἰὸβολω.
1441 2471 1495 2547 De
1519 2470 1647 2550 eodem
1669 2499 1771 2578 argu·

378 2577 507 2642 mento
520 2563 614 2636 Geor
640 2559 991 2636 iust'hobenusinfta
1013 2586 1049 2660 p.
1069 2583 1155 2657 721.

545 2586 746 2736 Eudathius
776 2663 959 2769 Patriarcba
989 2659 1090 2734 etot·
1109 2657 1152 2735 ab
1178 2675 1218 2769 tt.
1235 2683 1341 2757 1019·
1363 2663 1408 2739 ad
1431 2685 1538 2762 1025·
1583 2691 1668 2744 uem
1688 2693 1773 2749 cum

378 2758 680 2842 Thessalonicenfi
718 2757 982 2859 archiepiscopo
1015 2755 1203 2834 confundit
1243 2761 1413 2836 Freherus
1456 2761 1496 2836 in
1595 2769 1777 2870 ronoiogia

382 2861 466 2968 Juti
486 2863 610 2938 Graeco
626 2864 726 2936 Rom.
740 2851 928 2961 praemitte,
959 2869 1098 2933 notatus
1124 2881 1170 2932 eo
1194 2860 1341 2934 nomine
1368 2866 1388 2934 ὲ
1417 2859 1555 2936 Labbeo
1581 2862 1620 2937 in
1643 2881 1775 2966 protre-

429 2961 439 2974 ‘
508 2959 551 3036 ad
564 2957 755 3035 Historiam
767 2955 1016 3055 Byzantium,
1046 2965 1082 3035 81
1101 2954 1144 3033 ab
1164 2957 1287 3033 allatio
1318 2957 1364 3036 de
1387 2958 1556 3036 consensu
1581 2988 1663 3064 pag.
1688 2975 1776 3061 613.

382 2977 552 3138 §ini-iliter
577 3058 765 3150 falluntur,
787 3055 852 3160 qvi
873 3053 1088 3158 Scaligerum
1122 3053 1160 3131 in
1188 3056 1412 3158 Scaligeranis
1436 3058 1571 3152 secuti,
1591 3064 1774 3142 Eustathio

390 3155 687 3234 Theffalonicenfi
711 3157 871 3233 tribuunt
886 3154 990 3230 libros
1011 3154 1056 3233 de
1085 3154 1241 3234 lsmeniae
1261 3165 1295 3232 &
1319 3157 1469 3235 lfinenes
1484 3159 1671 3254 amoribus,
1686 3191 1776 3268 quo·

388 3255 611 3334 romanatos
637 3258 688 3332 est
716 3254 917 3333 Eustathius
936 3253 1009 3331 five
1031 3255 1241 3333 Eumathius
1262 3256 1407 3356 quidam
1439 3275 1677 3360 cognomento
1703 3269 1779 3341 Ma·

385 3354 636 3532 nembolites}
652 3354 824 3459 dignitate
850 3351 1199 3455 protonobilisfimus.
1267 3359 1319 3432 De
1345 3357 1411 3434 illis
1438 3357 1514 3435 dixi
1536 3364 1686 3444 Volum.
1708 3365 1775 3445 VI.

409 3467 587 3542 a.81.
627 3481 684 3532 e.

381 3485 408 3562 p
428 3481 457 3562 g
549 3480 621 3634 iifl.
647 3483 892 3632 ithOLAUS
921 3558 1173 3644 Grammaticus,
1193 3557 1214 3606 ⁴³
1242 3554 1429 3633 ratriarcha
1445 3558 1544 3633 CPol.
1559 3555 1601 3632 ab
1614 3572 1654 3637 Α.
1671 3571 1777 3655 1084.

382 3659 432 3738 ad
449 3681 562 3738 1111.
575 3655 621 3731 de
634 3651 733 3752 cujus
745 3653 890 3731 decretis
910 3667 1016 3763 atque
1029 3652 1194 3755 Epistolis
1206 3650 1390 3749 Synodicis
1409 3653 1510 3730 editis
1532 3669 1637 3757 atque
1663 3655 1777 3734 inedi·
1848 3669 1850 3676 ’

383 3759 429 3838 tis
455 3767 612 3834 caveum
646 3753 824 3830 consulere
844 3751 997 3851 juvabit.
1065 3761 1213 3826 cannen
1231 3776 1315 3827 vero
1337 3752 1436 3854 quod
1458 3749 1615 3829 vetfibus
1627 3754 1777 3868 politicis

383 3859 499 3936 exstat
515 3857 658 3932 MSturn
676 3853 716 3928 in
734 3850 822 3926 Bibl.
839 3851 984 3925 Caesarea
998 3850 1037 3920 de
1043 3855 1179 3948 jejuniis
1192 3877 1229 3920 ac
1232 3849 1327 3947 festis
1348 3859 1562 3942 soimanni,
1590 3857 1779 3933 Nicolaum

391 3955 615 4034 aauiascham
627 3952 775 4058 quidem
791 3948 897 4025 habet
913 3943 1119 4036 auctorem,
1145 3949 1301 4023 uuanda
1326 3949 1511 4048 naigsoe‘azu
1529 3951 1613 4047 ἐγὼ
1643 3954 1778 4048 ποίημα,

402 4069 568 4134 ocenum
592 4067 711 4129 autem
729 4077 775 4125 an
787 4049 977 4145 Mysticum
996 4046 1111 4146 potius
1129 4073 1174 4120 an
1188 4046 1451 4151 chrysobergen
1472 4078 1518 4126 an
1541 4053 1776 4148 Muzalonem,

384 4181 476 4234 nam
493 4163 529 4232 &
550 4153 590 4229 hi
610 4152 708 4228 fuere
729 4145 868 4226 Nicolai
881 4144 1090 4222 Patriarchae.
1130 4146 1199 4222 Sed
1213 4173 1280 4249 age
1295 4149 1359 4224 hac
1376 4139 1554 4228 occasione
1568 4162 1601 4234 81
1614 4154 1698 4232 alios
1714 4155 1794 4254 Niv

386 4259 524 4344 coleos,
543 4251 610 4358 qui
624 4255 745 4330 Graece
758 4246 981 4351 scripserunt,
1017 4244 1409 4422 paucisgetsequamur.
1743 4351 1782 4432 m

1172 4373 1193 4422 0
1219 4376 1243 4432 2
1715 4373 1741 4429 A
1783 4371 1791 4384 '

437 4549 457 4588 ³*
476 4544 556 4606 Alius
570 4543 708 4606 Nicotaus
721 4540 987 4621 Grammaticusqui
1004 4539 1037 4599 ad
1052 4537 1316 4602 Musuitnannotnm
1332 4543 1499 4628 religionem
1514 4549 1539 4609 se
1553 4549 1693 4614 contulit.
1710 4563 1741 4606 ut
1753 4563 1788 4603 ex

480 4633 623 4798 dimi
623 4629 661 4800 ἐί
666 4627 763 4798 313ιὸ.
779 4621 871 4692 122⁶.
886 4625 921 4687 ut
941 4637 1037 4707 1240.
1053 4625 1219 4685 Pataiucbae
1234 4629 1320 4694 etot.
1333 4631 1368 4690 ad
1382 4650 1446 4692 eum
1460 4635 1583 4714 Epistola
1597 4649 1728 4694 neutum
1750 4627 1792 4690 est
