4892 5667
1073 821 1371 919 motui

540 980 827 1116 betesingenii
848 1013 897 1074 ac
915 975 1117 1071 doetrinae
1143 979 1254 1090 vim,
1277 1008 1372 1106 quae
1390 979 1447 1073 C.
1467 969 1609 1068 Persio
1626 983 1673 1070 &
1694 967 1925 1070 Arillatcltu
1947 1059 1949 1104 p

542 1113 655 1216 Tibi
694 1109 928 1206 multorum
969 1103 1200 1204 obelorum
1244 1107 1465 1202 materiam
1519 1097 1743 1234 objecisset
1792 1111 1925 1220 citius,

541 1279 674 1384 quam
703 1241 835 1340 laudis
862 1245 1061 1340 meritum
1094 1241 1137 1336 in
1169 1233 1537 1336 lucubratiunculis
1571 1239 1680 1334 meis
1709 1233 1925 1342 obtulisset

546 1378 651 1478 Tibi
687 1411 790 1473 vero
827 1377 935 1472 banc
970 1371 1107 1470 Allatii
1139 1370 1402 1484 diatribam,
1444 1405 1551 1468 meae
1584 1365 1707 1510 quast
1738 1377 1924 1470 vicariam

541 1509 784 1608 consecrare
799 1514 944 1636 juvat,
979 1503 1387 1636 cujusdeleelaberis
1424 1505 1464 1598 ni
1496 1499 1620 1602 fallor
1653 1537 1921 1640 argumento,

541 1643 801 1757 eruditione,
833 1645 1030 1738 varietate
1052 1641 1269 1774 &copia,
1303 1634 1523 1776 quamde
1557 1639 1665 1734 meis
1699 1645 1838 1776 copiis
1856 1635 1920 1738 stre

539 1775 596 1874 de
628 1778 777 1908 inopia
809 1808 907 1872 mea
941 1767 1130 1910 praestate
1160 1769 1270 1874 Tibi
1306 1773 1446 1868 minus
1481 1763 1724 1908 potuillem.
1797 1783 1920 1874 Caete-

541 1941 639 2007 tum
661 1913 859 2042 togoTe
876 1901 998 2006 fimul
1019 1915 1066 2004 ἃ
1082 1901 1295 2022 obtestor,
1330 1935 1377 2002 ut
1394 1937 1492 2042 agas
1514 1903 1638 2040 quod
1657 1907 1780 2042 agis,
1814 1939 1917 2046 arque

540 2039 743 2180 ptaeclarrs
756 2044 913 2176 ingenii
926 2043 1019 2140 Tui
1035 2033 1207 2138 fretibus
1222 2035 1394 2172 prolatis
1409 2041 1451 2132 in
1473 2035 1616 2138 lucem
1640 2047 1692 2138 δι
1707 2035 1823 2140 hanc
1900 2091 1914 2114 ·

541 2177 702 2274 sentem
720 2174 830 2274 Tibi
852 2185 898 2274 &
916 2170 1129 2308 posteram
1147 2171 1342 2308 obligare
1361 2201 1527 2270 aetatem
1562 2199 1793 2288 matures,
1850 2179 1911 2274 eir-

540 2307 598 2406 de
616 2303 778 2446 sylloge
797 2325 1050 2439 poematum
1069 2337 1242 2404 tuorum
1265 2303 1415 2403 dextro
1451 2313 1487 2402 A
1521 2302 1651 2404 ulline
1688 2299 1909 2418 effusottm

541 2475 673 2574 quam
693 2437 945 2574 jampridem
965 2437 1251 2574 exspeelamus
1270 2473 1294 2536 a
1319 2443 1425 2556 Te,
1459 2341 1682 2538 oblectare
1702 2451 1756 2542 δι
1778 2441 1910 2542 deluit

541 2573 757 2682 lecturos,
804 2603 967 2708 tuoque
1002 2576 1124 2708 capiti
1157 2571 1484 2707 pulcherrimam
1520 2605 1746 2672 coronam
1782 2579 1907 2674 neuere

461 2683 480 2718 ’
540 2743 594 2806 ne
616 2701 823 2802 differas..
870 2713 1024 2804 DEUS
1050 2703 1367 2842 prosperitatem
1401 2705 1512 2805 Tibi
1542 2703 1755 2844 largiatur
1788 2707 1909 2810 valeu-

541 2838 680 2956 dinis,
713 2831 941 2972 firmatque
961 2873 1036 2972 per
1052 2837 1256 2974 plurimos
1275 2873 1441 2950 annos,
1482 2865 1529 2936 ut
1583 2873 1691 2942 uam
1716 2837 1906 2944 diutisbut

541 2965 673 3112 poslis
692 2969 884 3102 praeclare
902 3005 1033 3106 parto
1052 3003 1098 3067 ut
1116 2966 1218 3069 fatis
1240 2973 1294 3068 de
1316 2963 1492 3068 studiosa
1511 2873 1629 3104 ptibe
1658 2981 1839 3090 mereri,
1870 2981 1903 3070 u

541 3107 721 3240 egregiis
737 3106 1027 3198 monumentis
1038 3101 1380 3236 tuisamplilicare
1390 3137 1481 3200 tem
1498 3101 1758 3208 litterariam
1778 3185 1788 3228 ,
1807 3135 1892 3240 trux

539 3237 765 3336 Ascanium
795 3267 915 3329 tuum
943 3233 1085 3332 videre
1112 3235 1422 3372 perfelicisfima
1449 3267 1518 3332 tua
1547 3239 1833 3342 'incedentem
1852 3269 1900 3332 rt·

542 3367 687 3505 stiga,
720 3370 786 3462 cui
809 3397 908 3462 tunc
927 3367 1106 3464 demum
1125 3369 1226 3470 uihil
1249 3370 1381 3468 deerit
1409 3367 1463 3465 ad
1498 3365 1716 3490 laudem,
1754 3373 1788 3474 fi
1818 3363 1909 3486 tuile,

538 3497 815 3638 quodfacete
833 3497 1006 3634 pulchre
1028 3506 1241 3616 minatur,
1277 3537 1409 3636 quam
1440 3495 1716 3606 limillimum
1751 3503 1911 3646 prullia-

539 3643 607 3733 tit.
695 3630 812 3738 Vale,
903 3628 1053 3769 Scripfi
1082 3635 1328 3774 Hamburgi
1358 3639 1428 3770 ill.
1461 3631 1558 3739 Cal.
1595 3643 1804 3748 octobr.
1834 3637 1911 3744 Auri

542 3763 769 3870 Christiani
804 3771 885 3871 cla
919 3775 969 3900 ¹0.
1000 3798 1062 3900 ec
1095 3801 1165 3870 xx.
