4892 5667
517 844 524 878 l

551 873 978 902 W*
982 872 1082 888 ——n
1087 871 1158 886 u-——n
1163 867 1450 884 —o--m--uu

518 895 544 908 .-

518 929 652 1008 dorum‚
675 914 737 1011 sed
761 933 957 1007 qssaseamque
986 900 1144 975 ‘Iiveodoro
1161 902 1279 995 fauere
1303 907 1512 996 intelligeres,
1540 927 1645 972 omnes
1672 927 1779 974 autem
1798 907 1828 972 ei
1842 899 1892 1000 pai

519 1048 603 1098 mam
617 1025 691 1118 jure
715 1021 827 1108 optimo
847 1006 978 1091 debent,
1007 1011 1040 1072 in
1068 1030 1137 1073 eum
1151 1009 1323 1094 gasateinnm
1348 1027 1495 1074 exercere.
1565 1005 1650 1072 Hinc
1667 1023 1699 1072 te
1712 1002 1837 1098 semper
1857 999 1890 1080 ia

520 1133 574 1196 ria
600 1126 738 1210 agitare,
778 1112 850 1176 bine
866 1105 1035 1200 superbie,
1070 1101 1267 1193 indignatio,
1309 1101 1433 1171 inuidia
1451 1105 1634 1196 precipitem
1647 1099 1758 1192 ferre.
1831 1102 1891 1174 Hc

488 1251 496 1264 ·
521 1246 557 1292 tu
587 1209 761 1288 resaledie'iis
789 1215 823 1274 in
849 1231 953 1275 ourrses
978 1204 1110 1289 invehi,
1135 1225 1196 1270 uon
1226 1203 1448 1295 Principibus,
1474 1224 1536 1270 non
1562 1197 1815 1290 cardinalibus,
1847 1225 1891 1274 n

511 1321 646 1416 sisinnus
667 1305 866 1400 Pontificibus
887 1325 1024 1400 parcere.
1106 1302 1152 1374 Ei
1177 1298 1254 1374 hoec
1280 1295 1428 1398 quidem
1453 1299 1622 1374 Peirottus
1641 1293 1682 1370 in
1703 1301 1893 1400 Trapezm·

521 1417 638 1500 tium,
664 1407 815 1490 oblitus,
841 1413 881 1476 ut
903 1399 1059 1499 ingenue
1078 1395 1207 1482 fatear,
1233 1395 1438 1480 modestae,
1465 1392 1665 1496 gravitatis,
1695 1409 1805 1500 atque
1827 1395 1895 1478 bmi

522 1512 590 1590 viri
616 1505 742 1592 officii,
770 1525 848 1604 qua
873 1512 1053 1597 tantopere
1077 1496 1277 1572 laudaverat
1297 1521 1361 1596 pro
1387 1495 1588 1570 eodemmet
1606 1493 1894 1596 'I'rapezuntioin

523 1607 725 1690 Bess'atione.
747 1615 751 1622 “
778 1607 851 1672 Hae
864 1605 991 1685 osnnia,
1017 1593 1153 1693 ajebat,
1179 1593 1217 1672 (Ἰ
1227 1598 1320 1691 plura
1333 1593 1474 1694 potuiffet
1498 1604 1532 1666 in
1554 1593 1691 1666 medium
1714 1592 1895 1694 ufferrtflef

514 1715 627 1809 saria,
648 1709 682 1803 ſs
703 1697 869 1796 uoluiffets
888 1695 951 1789 sed
965 1695 1053 1768 dedit
1078 1700 1132 1766 bae
1149 1702 1271 1794 partim
1288 1702 1445 1788 gravitati
1459 1693 1551 1788 sua,
1583 1719 1622 1764 ue
1642 1693 1742 1792 castas
1765 1693 1803 1775 ὅ
1818 1695 1896 1794 pad-

521 1840 574 1884 eas
593 1831 686 1880 aures
706 1787 796 1872 taum
812 1799 976 1868 verborum
986 1803 1170 1892 impuritate
1187 1851 1198 1884 ,
1227 1815 1317 1866 tauta
1339 1793 1528 1887 obscenitate
1545 1797 1723 1878 orationis,
1751 1815 1816 1866 tam
1836 1797 1897 1867 bar·

524 1907 738 2000 residuntque
762 1896 927 1968 execrabili
949 1893 1096 1982 scelerum
1114 1901 1397 1966 commemoratione
1422 1895 1615 1982 macularet,
1644 1913 1743 1990 atque
1756 1893 1896 1990 inficetas

516 2015 637 2108 partim
661 1992 950 2092 mansuetudini&
974 1995 1124 2080 lenitati,
1156 2013 1260 2080 nete,
1286 1997 1433 2089 qrramuis
1455 1989 1668 2090 atrocifflmum
1687 1993 1825 2089 hostem,
1844 1993 1897 2066 Dea

523 2103 759 2196 hominibusque
777 2095 915 2184 invisum
941 2091 1104 2180 redderet,
1139 2089 1176 2166 lb
1189 2089 1328 2182 saltuem
1350 2115 1385 2160 ac
1408 2098 1512 2160 vitam
1531 2111 1620 2160 tuam
1647 2097 1682 2160 in
1701 2093 1836 2202 periculo
1854 2111 1898 2190 po·

522 2223 621 2280 neret.
689 2193 802 2270 Vides
821 2215 905 2290 ergo
928 2187 1218 2290 praestantiffimos
1273 2193 1406 2290 uosque
1425 2185 1517 2262 illius
1538 2185 1646 2264 aetatis
1674 2212 1769 2266 viros
1794 2187 1899 2268 actites

525 2289 863 2391 dietarrapezumii
882 2284 1089 2363 examinasse
1106 2285 1251 2387 reproba
1278 2311 1393 2398 eque,
1420 2285 1519 2388 quod
1539 2311 1616 2362 non
1641 2289 1723 2366 leva
1747 2289 1800 2366 est
1818 2286 1900 2366 illius

524 2392 697 2474 doetrinae
715 2401 987 2488 argumentum,
1012 2410 1135 2494 graves
1155 2383 1386 2460 nihilominus
1413 2383 1596 2460 Beliarioni
1622 2410 1704 2462 cum
1727 2409 1770 2462 ao
1788 2385 1902 2466 immi-

522 2494 610 2572 citiae
627 2490 744 2574 fuere,
771 2496 804 2561 ὅ(
823 2509 962 2582 magnae
978 2508 1027 2558 ret
1051 2481 1207 2591 literariee
1231 2481 1496 2574 controversia,
1519 2487 1600 2586 lege
1619 2479 1896 2586 Belsationiseap.

521 2617 558 2690 4.
571 2590 630 2668 lib.
646 2597 682 2668 6.
700 2586 739 2660 in
750 2585 1047 2658 Calumniatorcm
1062 2585 1221 2657 Platonis.

634 2771 754 2890 ‘Qud
777 2785 895 2848 autem
919 2771 1079 2872 Angelus
1102 2769 1289 2848 Politianus
1315 2771 1402 2847 olim
1432 2771 1478 2849 de
1509 2761 1674 2852 domina
1694 2773 1905 2853 affimavem

521 2887 741 2982 ingenioque
766 2868 910 2970 Georgii
933 2868 1188 2968 Trapezuntii,
1211 2869 1287 2946 fuse
1313 2869 1501 2952 Miscellan.
1515 2899 1590 2976 cap.
1604 2897 1669 2970 90.
1696 2875 1904 2952 testatusete

525 2979 613 3056 Illud
637 2986 671 3047 in
727 2971 856 3041 beodoro
884 2976 994 3038 mirari
1016 2993 1064 3036 me
1081 2969 1214 3059 finees,
1236 2971 1334 3066 ¹quid
1358 2981 1405 3044 ito
1421 2973 1581 3071 scripserit
1604 2983 1641 3044 ia
1664 2975 1849 3072 prefatione
1871 2978 1903 3048 li·

522 3083 646 3151 brorum
675 3072 711 3141 de
738 3071 926 3138 assisnab'bus
951 3065 1151 3160 Aristotelis,
1173 3070 1289 3164 quibus
1313 3079 1387 3141 serris
1400 3081 1548 3168 precipue
1570 3073 1829 3163 commendatur,
1854 3071 1900 3146 al·

519 3187 627 3279 jsstwn
644 3173 711 3265 pije
734 3198 752 3238 a
772 3169 880 3252 nrdlo,
905 3191 957 3234 nec
983 3185 1099 3234 certare
1117 3167 1293 3238 ardentum
1307 3179 1423 3243 catoris
1446 3175 1693 3268 interpretibus,
1719 3201 1797 3272 quos
1810 3183 1900 3274 inquit

522 3285 646 3348 virecere
671 3271 794 3340 resalium
817 3273 973 3358 negotium
993 3263 1057 3358 est,
1081 3289 1150 3334 cum
1175 3267 1271 3337 libros
1289 3267 1408 3340 easdem
1426 3271 1467 3364 (ic
1494 3275 1648 3368 Georgius
1677 3279 1900 3372 arapennem

522 3397 595 3448 arete
616 3369 713 3468 ipsum
737 3368 890 3438 lea-ulerue
906 3373 1062 3452 uerterit,
1098 3369 1213 3436 situel
1240 3365 1398 3456 redditis,
1438 3395 1505 3468 qua
1530 3371 1617 3468 apud
1637 3393 1765 3444 veteres
1783 3381 1893 3444 ioum·

522 3495 597 3561 rat,
621 3473 677 3541 vel
689 3487 747 3562 per
760 3465 798 3558 je
824 3465 923 3534 denuo
946 3460 1030 3548 filiis
1051 3471 1290 3562 excogitatisque
1315 3469 1495 3557 vocamus,
1522 3472 1673 3544 Latinam
1690 3471 1799 3570 prosus
1820 3467 1896 3542 indo·

522 3577 584 3646 lem
603 3566 833 3662 referentibus,
860 3569 940 3632 vitio
967 3557 1089 3647 sadran
1115 3563 1241 3658 nostro,
1269 3573 1395 3662 primus
1421 3577 1550 3664 opinor,
1565 3575 1738 3670 juniorum
1762 3569 1900 3656 duait,

523 3697 577 3742 eur
599 3669 654 3765 ipst
673 3672 779 3737 minus
802 3663 920 3732 rrssaltas
943 3687 1037 3758 quam
1054 3666 1271 3733 Graeirerum
1296 3669 1516 3761 appellationes
1539 3671 1721 3748 babeamus.
1777 3677 1844 3744 Hos
1856 3674 1901 3764 igi·

525 3793 578 3840 tur
590 3771 623 3862 fi
639 3775 711 3864 quis
733 3765 828 3834 libros
851 3759 1015 3854 diligenter
1040 3764 1173 3856 legerit,
1200 3771 1306 3835 minus
1326 3764 1465 3860 profeilo
1486 3771 1614 3840 Gazam
1637 3771 1809 3860 laudabit,
1839 3791 1903 3868 pert

524 3871 613 3940 illius
624 3866 761 3957 veliigiis
773 3861 974 3957 insipientem,
988 3868 1066 3958 quin
1070 3861 1104 3956 st
1114 3865 1203 3932 bouso
1216 3871 1278 3933 erit
1290 3871 1461 3958 ingenuus,
1488 3867 1597 3954 eredo,
1620 3867 1903 3964 ssomnebabiturfe

525 3993 545 4037 a
560 3965 717 4038 Theodoro
729 3961 764 4032 di
776 3963 960 4048 stratilatum,
967 3980 1026 4056 per
1059 3986 1128 4030 uesn
1140 3971 1277 4031 inanime
1286 3963 1520 4060 profecerat,fic
1536 3968 1679 4038 babitnm
1687 3991 1769 4068 pene
1784 3993 1901 4042 contem·

521 4071 595 4163 paui
607 4063 826 4158 ludibriaque,
849 4065 938 4158 cnjtss
945 3987 1127 4154 potiffiinum
1139 4062 1295 4131 laboribus
1308 4062 1512 4156 infidiabatur
1524 4121 1534 4154 ,
1548 4067 1636 4138 nobis
1648 4093 1725 4140 uero
1739 4067 1902 4164 etiamjar·

524 4161 594 4260 taffo
605 4163 727 4230 babebit
734 4166 894 4252 gratiam,
921 4155 1007 4256 quod
1018 4158 1074 4254 ista
1088 4159 1215 4230 reddere
1217 4161 1291 4250 suis
1302 4159 1543 4236 aulioritatibus
1555 4167 1791 4244 contendamus.
1827 4171 1902 4240 Nan

524 4259 742 4361 quantumfibi
758 4261 910 4350 Georgius
922 4267 956 4328 in
970 4283 1002 4326 eo
1012 4260 1167 4354 placuerit
1180 4280 1285 4356 opere,
1304 4263 1361 4330 uel
1370 4263 1426 4332 illa
1439 4262 1478 4333 de
1493 4263 1681 4358 Prafatione
1691 4261 1903 4364 verbaſsgm'fi·

525 4381 608 4444 caret,
622 4355 736 4454 quibus
739 4355 808 4446 sesa
818 4357 913 4425 libros
923 4381 974 4426 eas
987 4360 1111 4447 latinis,
1128 4366 1193 4447 ait,
1208 4367 1390 4430 trasimirus
1408 4363 1561 4456 elegantes
1576 4367 1821 4470 emendatosque
1832 4367 1901 4449 aare

524 4484 621 4560 qrsom
636 4453 722 4552 apud
734 4455 855 4524 Grecos
866 4455 1049 4526 habeantur.
1101 4456 1166 4527 Sed
1176 4453 1214 4534 (5
1226 4461 1281 4532 boc
1293 4459 1378 4554 adse
1389 4463 1512 4536 trabere
1524 4465 1706 4540 Theodorus
1719 4491 1866 4552 cassatur,
1875 4482 1902 4533 at

1824 4575 1901 4644 ism.
