4892 5667
566 857 571 862 ·
704 845 1453 968 nusnrrtranauoorrnrss.
1607 877 1769 955 ·359

377 1117 433 1191 Im
459 1122 589 1187 eratore
602 1119 637 1188 &
656 1111 859 1185 Graecorum
873 1099 1056 1204 praecipuis
1069 1095 1161 1177 tetta
1173 1095 1292 1180 fuerit.
1366 1101 1575 1183 Orationutn
1595 1137 1674 1214 qvae
1687 1139 1772 1190 curn

375 1138 508 1287 iisdem
524 1207 611 1286 aurs
624 1201 935 1291 circumferuntur,
957 1203 1055 1276 nulla
1067 1199 1107 1273 in
1120 1197 1245 1274 nostris
1259 1197 1436 1275 codicibus
1453 1205 1621 1286 memoria
1634 1211 1695 1302 est,
1709 1239 1772 1289 ne·

380 1325 453 1412 que
478 1307 618 1382 illarum
649 1301 815 1381 meminit
838 1299 1014 1397 Sylvester
1028 1299 1251 1398 Syropulus,
1276 1307 1309 1374 δι
1336 1324 1390 1373 eas
1418 1301 1571 1402 Georgio
1597 1307 1771 1402 Scholario

380 1405 567 1486 Matthaeus
582 1401 840 1502 Caryophyllus
853 1395 1036 1495 abjudicat.
1089 1394 1163 1470 Etsi
1185 1396 1284 1471 enim
1304 1424 1380 1472 non
1404 1397 1635 1502 indiligentia
1657 1406 1770 1486 solum

383 1501 547 1590 nomine,
573 1500 634 1576 sed
653 1511 825 1602 perpetuo
846 1495 1006 1573 adversus
1019 1493 1158 1571 Latinos
1175 1493 1258 1569 odio
1285 1493 1348 1571 sus
1366 1493 1557 1575 ebbiffimus
1582 1507 1771 1608 Syropulus

382 1601 450 1675 ess'e
471 1600 620 1688 debeat;
673 1622 780 1674 nemo
802 1609 920 1672 tamen
934 1599 1061 1670 Graecae
1080 1591 1280 1670 recentioris
1299 1524 1450 1671 hiiioriae
1469 1601 1528 1674 vel
1552 1602 1773 1682 mediocriter

380 1699 543 1802 peritus,
580 1695 763 1795 cujusdam
792 1695 910 1769 Critici
937 1695 1186 1794 praeposterum
1197 1671 1376 1789 judicium
1400 1721 1472 1797 qvo
1496 1699 1635 1776 homini
1662 1703 1772 1782 fidem

379 1823 526 1873 omnem
542 1796 737 1892 abjudicat,
765 1793 986 1896 sequendum
1000 1790 1218 1868 existimabit.
1271 1793 1340 1868 Sed
1354 1794 1483 1870 Allatio
1502 1798 1619 1897 potius
1642 1803 1770 1895 credet,

378 1896 444 2000 qvi
460 1897 678 1992 Sylvestrum
692 1893 846 1995 agnoscit
859 1907 1015 1967 autorem
1028 1916 1144 1965 unum
1158 1916 1200 1965 ex
1214 1889 1340 1966 affectis
1356 1893 1571 1990 l'atriarchae,
1596 1925 1672 1976 non
1685 1927 1770 1978 eum

378 2013 499 2073 tamen
525 2000 666 2098 qualem
693 1997 712 2069 e
738 1991 877 2068 cerebro
904 1991 964 2065 suo
990 1989 1124 2065 effinxit
1149 1989 1350 2066 temerarius
1371 1991 1558 2094 interpres,
1585 1997 1769 2095 *linguam

378 2095 418 2173 (ὅ
435 2119 567 2167 mentem
587 2095 701 2189 Synodi
731 2098 929 2178 Gracormn,
956 2090 1099 2179 doflum,
1126 2094 1310 2183 elegantem,
1336 2101 1477 2191 antiquis
1500 2099 1624 2170 Graeciae
1640 2103 1769 2171 lumini·

377 2198 437 2268 bus
450 2194 705 2292 comparandum,
743 2216 826 2264 cum
842 2190 988 2289 peffrme
998 2187 1118 2264 scribat
1132 2197 1165 2264 ὅ(
1187 2187 1425 2266 semibarbara.
1477 2197 1527 2271 At
1546 2194 1603 2272 ille
1624 2198 1770 2301 Georgi·

376 2319 443 2370 um
468 2291 683 2369 Scholarium
706 2289 746 2365 in
765 2290 909 2384 Synodo
938 2313 1021 2364 cum
1041 2290 1158 2362 Marco
1179 2286 1524 2387 EphesroUnionem
1549 2294 1769 2400 impugnasse

376 2419 455 2471 uon
472 2390 592 2478 refert,
616 2404 722 2491 atqve
743 2386 789 2463 ita
807 2385 985 2463 Abiorum
1006 2389 1209 2462 Graecorum
1232 2386 1340 2462 fidem
1359 2415 1433 2464 non
1452 2391 1656 2498 impugnat,
1685 2425 1768 2475 cum

332 2575 335 2580 ,
378 2517 422 2570 eo
438 2511 559 2567 tamen
580 2489 754 2564 Florentia
775 2487 810 2562 se
856 2483 1032 2586 roripuiss'e
1050 2486 1191 2562 testatur
1236 2483 1353 2562 eructo
1366 2492 1521 2584 Synodo.
1573 2499 1703 2572 Nullus
1715 2495 1770 2572 in·

376 2605 472 2668 terea
493 2589 640 2664 occurrit
659 2586 733 2662 five
752 2513 853 2684 apud
868 2587 1006 2658 Graecos
1024 2598 1158 2658 autores
1177 2511 1288 2658 editos
1309 2583 1382 2660 five
1399 2589 1650 2690 manuscriptos
1673 2599 1775 2696 alter,¹

403 2715 489 2768 vem
504 2689 761 2785 Carpophyllus
775 2693 809 2759 br
823 2680 970 2756 Allatius
988 2677 1194 2779 designant,
1207 2682 1381 2780 Georgius
1395 2684 1588 2760 scholarius
1602 2691 1665 2791 qvi
1674 2691 1769 2774 Con.

374 2717 607 2890 barutinopoli
618 2782 821 2872 substiterit,
848 2783 1095 2880 cumJoanncs
1115 2781 1325 2878 Palaeologus
1338 2787 1371 2853 8<
1383 2778 1554 2880 Josephus
1571 2785 1769 2882 patriarcha,

345 2949 352 2958 .
376 2885 485 2966 simul
506 2912 591 2964 cum
610 2883 738 2962 Graecis
761 2879 859 2970 aliis,
897 2876 1057 2957 Ferrariae
1079 2879 1309 2955 &Florentiae
1323 2879 1458 2955 Unroni
1475 2881 1669 2962 sanciendae
1686 2891 1770 2991 opess

378 3011 458 3068 tm·
480 2987 615 3066 darent.

544 3109 605 3166 22.
656 3088 774 3161 Marco
791 3075 945 3184 Ephefio
965 3073 1126 3156 utebatur
1145 3073 1406 3159 familiarissime
1430 3079 1548 3162 noster
1576 3083 1769 3192 Georgium

384 3183 476 3262 tuos
491 3199 611 3263 autem
629 3184 789 3282 ejusdem
808 3178 963 3258 nominis
994 3189 1028 3256 or
1047 3179 1270 3280 cognominis
1290 3181 1417 3257 eodem
1431 3199 1609 3286 tempore,
1632 3187 1773 3268 summa

347 3339 352 3346 -
382 3279 571 3376 deerrare,
598 3283 786 3386 prasertim
797 3304 882 3356 vero
898 3278 1125 3378 Philosophia
1139 3279 1319 3356 Platonicae
1339 3289 1373 3358 ὅ(
1391 3282 1639 3378 Aristotelicae,
1665 3287 1770 3366 laude

377 3384 549 3475 nombre,
572 3383 701 3460 iisdem
711 3381 829 3458 amicis
844 3379 939 3470 usos,
966 3376 1152 3487 cumucirca
1164 3377 1354 3491 Religionis
1375 3383 1561 3485 negotium
1576 3385 1771 3464 vehemen-

376 3482 507 3564 tissime
525 3483 745 3572 diffiderent,
771 3481 809 3556 id
822 3479 971 3583 qvidem
983 3478 1058 3553 fierr
1075 3478 1137 3553 vix
1149 3477 1296 3579 poturtle
1311 3504 1419 3557 nemo
1431 3508 1508 3558 non
1521 3483 1631 3560 videt.
1665 3489 1714 3561 At
1726 3513 1771 3562 ex

377 3585 488 3664 meris
514 3581 724 3681 conjetturis
750 3581 797 3656 ita
820 3585 984 3668 statuere,
1005 3593 1045 3652 ut
1070 3579 1327 3677 Carpophyllus
1355 3589 1388 3654 &
1414 3582 1561 3658 Altatius
1599 3582 1769 3676 fecerunt,

377 3681 459 3764 fine
472 3683 553 3760 ullis
566 3697 728 3758 autorum
741 3679 972 3766 testimoniis,
998 3675 1187 3784 confusa&
1202 3675 1344 3774 insuper
1355 3678 1471 3754 habita
1493 3697 1694 3782 temporum
1718 3711 1772 3761 ra·

379 3781 501 3874 tione,
526 3780 714 3859 absurdum
727 3779 864 3881 prorsus
881 3778 934 3852 est
949 3785 983 3848 &
997 3773 1218 3850 arcusauone
1232 3793 1333 3848 caret.
1387 3779 1516 3878 Neque
1531 3781 1650 3871 enim',
1670 3797 1709 3859 ut
1723 3784 1772 3862 ita

380 3877 484 3984 apud
495 3879 722 3968 lebabhem,
745 3876 945 3975 caeterisque
959 3868 1104 3946 suadere
1118 3885 1344 3961 conarentur,
1371 3874 1436 3946 alia
1449 3877 1546 3954 causa
1562 3877 1648 3972 fuit,
1663 3908 1772 3985 qvam

386 4027 388 4032 ·
435 3979 486 4056 od
511 3981 705 4084 Georgium
731 3972 948 4053 Scholari'um
976 3969 1038 4071 qvi
1066 3969 1271 4044 Florentino
1292 3970 1451 4046 Concilio
1474 4000 1557 4052 curn
1578 3984 1773 4083 l'urpuratis
1908 4009 1915 4042 ι

376 4007 487 4160 dirtae
512 4079 910 4178 Constontinopulrtanae
935 4065 1093 4146 interfuit
1112 4128 1122 4158 ,
1140 4167 1146 4178 Ι
1163 4093 1206 4144 ex
1228 4067 1374 4145 suasoria
1402 4073 1557 4154 oratione
1571 4104 1641 4195 qua
1665 4088 1771 4185 Joan·

388 4205 465 4260 uem
492 4177 728 4280 Palaiologum
745 4180 899 4252 hortatus
923 4171 976 4248 est
1005 4167 1049 4244 ad
1067 4172 1282 4257 'Unroncm,
1328 4172 1513 4250 Catholicis
1540 4179 1774 4278 adjunxerint,

378 4307 491 4367 rerem
521 4278 690 4380 deinceps
718 4271 949 4352 Constantino
998 4271 1060 4348 lin.
1074 4267 1251 4346 reversum
1279 4295 1354 4344 non
1391 4273 1593 4372 agnoscunt.
1666 4288 1775 4358 'l'unc

386 4381 478 4460 atim
493 4377 664 4457 contrarn
683 4375 821 4478 prorsus
837 4369 924 4449 senfi
953 4369 1110 4462 eibum,
1124 4369 1240 4477 certis
1255 4373 1469 4469 argumentis
1484 4399 1526 4450 ex
1543 4377 1684 4458 historia
1698 4381 1776 4456 illo·

386 4507 459 4560 uun
476 4481 686 4582 temporum
703 4475 864 4563 constat,
896 4469 1049 4546 marinae
1074 4493 1160 4545 vero
1178 4468 1368 4571 scrrptis-in
1381 4472 1520 4553 Latinos
1540 4478 1773 4569 acerbiffrmis,
1881 4527 1885 4532 -

1694 4603 1773 4682 qvae

495 4761 515 4796 '
535 4755 604 4820 Μ.
620 4757 807 4841 Creygbrrnur
819 4761 852 4824 ir·
865 4754 977 4834 l’rffaer.
988 4756 1031 4816 ad
1044 4755 1171 4839 syropulr'
1183 4753 1344 4837 Hssorr'aen.
