4892 5667
905 907 910 918 .
1025 825 1028 830 Ι
1107 837 1351 918 SClth't'A.
1816 935 1818 937 .
1848 868 1918 946 417

523 1076 742 1179 Sigismundi
759 1080 814 1154 lll.
844 1079 928 1152 cuin
950 1072 1058 1175 ipfius
1084 1077 1097 1148 l
1162 1073 1207 1150 tis
1233 1073 1351 1149 secure
1375 1072 1441 1150 iter
1465 1072 1558 1150 fecit.
1610 1076 1748 1156 Deinde
1768 1087 1938 1168 Romam·

524 1178 635 1254 redux
649 1174 805 1277 Scipioni
825 1172 1015 1275 Borghesro
1038 1177 1105 1250 Car
1130 1171 1233 1263 mali,
1258 1170 1352 1248 Pauli
1376 1175 1424 1248 V.
1438 1170 1558 1248 sororis
1578 1176 1618 1250 F.
1633 1174 1791 1258 studium
1813 1184 1918 1267 suum

525 1276 677 1365 addixit,
698 1272 957 1376 liberaliterque
970 1272 1013 1350 ab
1027 1298 1070 1350 eo
1083 1270 1222 1349 habitus
1235 1273 1453 1372 postremum
1468 1270 1754 1353 vitae'triennium
1785 1278 1824 1358 in
1837 1289 1918 1366 Col.
2055 1276 2058 1279 ’

525 1374 620 1476 legio
642 1376 846 1448 G'raecorum
863 1377 982 1450 Romae
1003 1371 1132 1473 exegit.
1173 1374 1226 1447 'ln
1244 1369 1375 1472 scriptis
1399 1369 1467 1444 suis
1488 1369 1638 1470 perinde
1662 1379 1863 1458 utAllatius
1885 1396 1920 1468 er

530 1469 756 1572 Caryophilus
783 1471 852 1545 hoc
869 1469 976 1548 habet
999 1470 1242 1572 propofitum‚
1265 1483 1306 1546 ut
1328 1472 1468 1544 Graecos
1489 1471 1568 1544 suos
1590 1469 1722 1547 invitos
1748 1475 1828 1555 licet
1853 1473 1919 1562 Ro.

529 1571 642 1645 manis
665 1569 877 1646 conciliet&
896 1567 1063 1668 subjiciat.
1116 1567 1216 1647 Vixit
1234 1568 1350 1643 adhuc
1368 1571 1413 1645 A.
1438 1576 1545 1661 1633.
1574 1595 1646 1671 quo
1660 1570 1703 1646 ab
1723 1577 1853 1654 Allatio
1877 1581 1917 1662 in

528 1670 651 1768 apibus
666 1666 806 1745 urbanis
821 1666 1027 1777 celebratur,
1048 1669 1108 1744 sed
1121 1669 1160 1745 in
1175 1693 1281 1768 opere
1300 1668 1345 1776 de
1359 1666 1526 1777 consensa
1539 1672 1587 1779 lll.
1605 1693 1639 1764 7.
1653 1679 1686 1761 §.
1706 1693 1761 1766 13.
1777 1673 1854 1772 jam
1865 1680 1917 1760 se.

524 1772 670 1975 llll?
687 1765 1416 1976 liliililiiqldlttllllt
1436 1779 1611 1974 {llll
1634 1794 1914 1969 attilii.

526 1963 661 2062 injuriis
675 1964 763 2064 sape
777 1969 899 2041 maluit
913 1992 1022 2066 qtrarn
1035 1964 1227 2041 rationibus
1242 1977 1344 2040 tutari
1356 1964 1581 2056 sententiam,
1598 1977 1631 2043 &
1647 1967 1914 2070 digreffionibus

526 2065 649 2166 parlim
670 2090 745 2139 rem
764 2074 797 2139 &
819 2064 1012 2140 orationem
1037 2065 1234 2166 perturbat,
1261 2068 1332 2166 liylo
1349 2070 1477 2153 Graan,
1502 2068 1914 2167 quofibiniminmplande.

526 2167 597 2252 bor,
628 2165 804 2256 infelicior,
829 2165 978 2262 quicquid
988 2166 1106 2237 dixerit
1121 2166 1290 2259 Balchosor
1304 2164 1469 2258 Araldens.
1524 2166 1569 2238 V.
1592 2165 1632 2239 C.
1661 2166 1830 2245 Eusebius
1849 2178 1913 2252 Re·

526 2261 702 2339 naudotus
723 2260 766 2336 ad
787 2261 966 2338 Gennadii
985 2266 1091 2338 CPol.
1105 2259 1290 2338 homiliam
1308 2261 1353 2336 de
1368 2267 1400 2336 S.
1416 2260 1630 2337 Eucharistia
1642 2290 1677 2364 p.
1694 2288 1753 2363 39.
1806 2276 1913 2347 Nemo

529 2366 708 2436 catholicus
719 2362 772 2455 etst
790 2365 926 2453 Allata,
951 2362 1106 2452 Amulii,
1137 2366 1312 2458 Coryoplnli
1324 2360 1362 2436 ὅ
1380 2365 1514 2432 oliorum
1533 2365 1606 2432 lene
1617 2364 1657 2435 de
1673 2368 1805 2463 Ecclesto
1819 2383 1913 2445 meri.

523 2482 629 2536 torum
655 2472 836 2533 memoriam
859 2488 927 2533 cum
947 2466 1101 2534 charitate
1116 2462 1359 2559 complellamr,
1385 2468 1420 2529 in
1439 2487 1545 2532 eorum
1557 2466 1653 2535 verbo
1662 2468 1841 2563 jurandum
1851 2475 1916 2566 fibi

525 2564 721 2650 orbimornr,
746 2583 803 2630 aret
822 2565 909 2631 nihil
919 2569 954 2631 in
970 2587 1075 2632 eorum
1085 2560 1215 2654 scriptis
1229 2560 1392 2649 defiderar.
1444 2563 1509 2630 lmo
1569 2565 1583 2632 i
1590 2567 1629 2654 Ji
1637 2570 1676 2646 ¹in
1693 2568 1818 2637 Graecas
1827 2571 1914 2643 liere-
2019 2581 2022 2588 '

524 2687 581 2734 ros
599 2660 805 2748 abdiderunt,
836 2661 1019 2758 Colicesque
1038 2661 1117 2755 ipsos
1129 2659 1216 2749 ferio
1236 2658 1476 2744 neminemne,
1525 2657 1677 2751 efideronr
1697 2664 1823 2735 illorum
1836 2665 1912 2740 dili·

521 2771 661 2855 gentiam
675 2758 712 2835 l5
720 2759 940 2856 prudentiam,
969 2786 1022 2828 nee
1032 2785 1105 2829 rore
1117 2756 1278 2827 carrdorem
1292 2754 1329 2830 (ὅ
1340 2757 1450 2824 bonam
1455 2754 1565 2847 fidem.
1622 2752 1726 2853 Testes
1738 2781 1785 2829 tor
1800 2766 1913 2837 Cotho-

526 2863 657 2950 licornm
675 2859 752 2931 libri
777 2859 854 2930 editi
873 2862 911 2930 ab
929 2866 1024 2928 annis
1041 2864 1197 2950 triginta,
1227 2864 1261 2925 in
1284 2857 1400 2952 quibus
1428 2853 1587 2924 Arcadius
1606 2860 1739 2951 vapulat
1759 2880 1913 2960 tanquam

520 2957 689 3058 memor
703 2958 839 3051 Ecclefia
855 2963 966 3030 &aaa
978 2960 1199 3044 calumniator,
1224 2955 1346 3026 Allaria
1363 2977 1426 3024 non
1444 2962 1606 3049 parcitur,
1646 2959 1849 3055 Coryophilus
1875 2961 1913 3041 ὅ

528 3059 588 3130 alii
600 3059 871 3155 Hellenomajliges
879 3059 961 3156 sepe
974 3055 1174 3148 refellamur.
1227 3047 1512 3152 Scriptamcudii
1527 3049 1627 3127 sunt:

539 3237 573 3296 1.
600 3217 647 3290 Dr
666 3224 825 3298 concordio
852 3221 987 3314 Ecclesia
1014 3219 1221 3292 Occidentalis
1244 3216 1282 3294 dl
1310 3220 1485 3288 orientalis
1511 3226 1546 3288 in
1584 3240 1681 3317 eptem
1700 3223 1915 3298 Sacramenta-

627 3348 698 3398 rum
723 3323 991 3415 administratione
1015 3321 1089 3391 libri
1116 3322 1188 3392 VII.
1214 3315 1277 3418 qui
1304 3318 1382 3416 post
1406 3314 1557 3416 primam
1582 3316 1777 3396 editionem
1791 3326 1916 3399 iloma·

628 3448 714 3500 narn
737 3419 848 3500 recufi
874 3420 955 3496 sunt
977 3415 1106 3494 Parifiis
1131 3427 1238 3512 1619.
1262 3412 1323 3491 fol.
1352 3425 1387 3493 ἃ
1418 3426 1525 3513 1672.
1553 3418 1648 3519 apud
1668 3423 1845 3519 Joannem
1864 3421 1916 3499 du

626 3522 713 3634 Pais.
730 3522 770 3600 in
790 3546 826 3620 4.
881 3525 981 3623 Opus
1006 3515 1048 3593 ab
1073 3512 1218 3594 auetore
1244 3515 1400 3593 dicatum
1426 3515 1656 3616 Sigismundo
1679 3523 1738 3598 lll.
1765 3519 1916 3598 Poloniae

525 3745 564 3806 2.
589 3625 857 3821 iiiiiiganrio,
883 3733 1006 3797 utrum
1030 3715 1134 3794 detur
1155 3729 1191 3796 81
1213 3739 1342 3817 anper
1366 3711 1491 3814 ignem
1516 3710 1570 3793 fil·
1621 3719 1723 3796 Rom.
1744 3721 1848 3796 1622.
1880 3730 1915 3798 &

500 3940 562 4016 .3·
588 3830 749 3997 Aiiriiie
757 3846 939 4022 iirgotorio
959 3924 1027 4011 igne
1039 3909 1128 3991 liber
1138 3913 1523 4023 adversusuBorlaomnm
1548 3914 1778 4024 Monachum.
1814 3920 1914 3997 Rom.
1983 3917 1987 3924 ”

635 4030 739 4121 1637.
763 4045 801 4119 4.
830 4047 914 4097 cum
926 4014 1139 4093 Pantaleonis
1152 4012 1317 4115 Ligaridn
1331 4015 1490 4113 apologia
1505 4039 1569 4113 pro
1583 4014 1752 4093 Arcadio.

525 4141 564 4218 4.
591 4124 798 4196 Breviorium
811 4131 932 4196 rituum
945 4118 982 4197 <5
994 4123 1247 4204 ceremoniorium
1265 4119 1452 4202 arearum,
1461 4117 1578 4190 llomae
1592 4123 1626 4205 8.
1640 4117 1777 4192 Graecae.
1795 4120 1919 4191 Evclio·

1227 4215 1323 4314 Ggg
1803 4223 1919 4314 logium

572 4419 609 4502 b)
629 4415 763 4476 Arcadias
777 4411 834 4496 ipse
849 4410 926 4492 praef.
943 4412 977 4471 ad
987 4407 1177 4470 Concordiam
1191 4407 1226 4467 de
1237 4403 1427 4465 §aeramentis
1473 4406 1515 4461 Dr
1529 4405 1724 4467 Ruthenorum
1740 4413 1919 4488 quorundam
1933 4389 1936 4394 Ι

666 4509 701 4564 Α.
721 4501 810 4577 1196.
826 4497 898 4559 falla
913 4496 1064 4556 aceeffione
1079 4493 1112 4551 ael
1127 4491 1198 4552 sacra
1214 4496 1358 4553 Romana,
1378 4490 1432 4550 vid.
1449 4494 1560 4550 Barorni
1577 4492 1705 4555 historica
1721 4496 1822 4552 relatio
1837 4515 1919 4555 crcu-

666 4586 695 4646 sa
708 4587 838 4645 Colonia·
856 4592 889 4645 Α.
907 4588 997 4665 1598.
1017 4590 1044 4653 8.
1066 4577 1142 4637 &ad
1157 4579 1262 4637 colem
1279 4579 1364 4633 Tomi
1383 4580 1443 4637 Vll.
1459 4580 1608 4635 Annalium
1625 4581 1747 4642 Batonii.
1792 4581 1917 4638 Thomas

666 4674 757 4749 djelu
772 4668 923 4732 carmelita
945 4667 981 4726 de
998 4664 1172 4744 procuranda
1194 4663 1322 4722 omnium
1337 4663 1466 4745 gentinm
1487 4663 1571 4721 salure
1593 4663 1644 4729 rib,
1660 4669 1689 4728 tr.
1704 4680 1782 4742 parte
1797 4676 1820 4738 3.
1850 4670 1875 4725 l',
1894 4668 1917 4729 l,

668 4759 746 4834 Opp.
761 4774 789 4835 p.
806 4771 877 4835 140.
889 4752 948 4831 sqq.
991 4749 1071 4818 Rich.
1085 4750 1193 4817 Simon.
1208 4753 1246 4815 Τ.
1260 4754 1283 4811 l.
1303 4749 1377 4812 aibr.
1391 4744 1494 4828 cicilie
1516 4767 1540 4814 c.
1554 4763 1608 4828 41.
1650 4745 1816 4827 spondanus
1835 4749 1917 4812 adli.
2081 4735 2087 4744 ¹

671 4854 763 4924 ¹595·
782 4860 810 4907 a
835 4853 888 4923 14·
905 4843 961 4901 &⁶0
