4892 5667
433 947 475 988 -,
835 823 1344 962 (ιιιοιιιιιιιιιιιιιιιιιῑιιγ
1556 891 1566 962 3
1671 847 1780 992 '⁸¹5
1851 823 1857 840 “
1953 857 1987 908 ·.

390 1122 619 1226 stantinopoii
641 1117 804 1195 aTurcis
828 1115 1001 1198 debeiiata
1022 1117 1063 1197 in
1085 1119 1245 1198 hostium
1270 1118 1343 1222 ipse
1357 1144 1442 1196 euin
1462 1115 1561 1220 conj'
1621 1119 1728 1220 ,afilia
1748 1123 1797 1218 ἃ,
1840 1123 1842 1136 ’
1886 1190 1890 1196 .
1924 1199 1926 1212 ,
2016 1157 2018 1162 ·

391 1218 545 1297 filiorum
563 1227 729 1323 Joanne,
763 1241 851 1296 narn
869 1235 951 1296 ante
974 1217 1066 1296 urbis
1092 1217 1271 1296 excidium
1297 1215 1355 1294 aiii
1381 1219 1452 1297 vita
1476 1221 1543 1298 sun
1617 1217 1839 1316 ·suerant,-‘
1948 1315 1955 1322 ι
2070 1297 2077 1330 1

390 1319 598 1420 potestatem
624 1317 736 1395 venit·
788 1313 992 1418 Conjugem
1012 1319 1190 1395 Hadriano
1215 1317 1264 1394 oli
1289 1317 1451 1400 redemit.
1497 1321 1584 1398 Filia
1617 1317 1656 1396 in
1681 1317 1780 1420 obses·u

341 1499 345 1512 Ι
391 1421 477 1517 quio
492 1418 681 1502 Soitaninae
696 1415 852 1494 moritur.
904 1423 1060 1522 Joanncs
1074 1417 1155 1494 adoi
1189 1420 1368 1509 centulus,
1395 1417 1458 1522 qui
1483 1415 1647 1494 nondum
1665 1425 1793 1498 annosi

391 1517 597 1614 qaindecim
612 1516 787 1616 attigerat,
811 1539 877 1617 pra
896 1515 1133 1596 conservanda
1156 1516 1325 1620 pudicitia
1342 1522 1519 1594 aSuitano
1538 1503 1790 1596 obtruncatur.'
1914 1591 1923 1610 ,
1987 1551 1995 1566 ·

388 1613 670 1691 Protovestiarius
682 1615 848 1704 fortunis,
871 1638 912 1691 ac
923 1614 1040 1692 liberis
1070 1617 1197 1718 ereptis
1216 1614 1255 1692 in
1274 1615 1509 1718 Peloponneso
1530 1625 1667 1694 atatem
1684 1615 1800 1718 agite·

388 1710 448 1789 sed
475 1739 514 1788 ca
534 1739 680 1817 quoque
699 1742 718 1788 a
739 1720 857 1792 ‘i'urca
882 1709 1025 1791 devisia
1043 1717 1175 1792 italiam
1195 1717 1335 1806 lustrat,
1362 1714 1447 1792 inde
1468 1714 1508 1792 in
1529 1711 1698 1796 Graeciam
1723 1737 1781 1796 re·.
1808 1707 1818 1726 '

386 1810 505 1886 versus
536 1839 618 1887 cum
648 1841 756 1889 uxore
782 1811 1063 1889 monachismum
1089 1813 1338 1916 ampledsitur,
1364 1823 1396 1891 &
1420 1841 1483 1917 pro
1510 1821 1609 1890 mbre
1640 1837 1778 1892 nomen

386 1906 461 2010 ipsc
484 1912 522 1984 in
544 1918 613 1987 (ire
641 1913 772 2000 orium,
802 1911 932 2009 conjux
956 1911 996 1987 in
1019 1913 1228 2014 Eupraxiam
1257 1928 1379 1989 mutat.
1452 1913 1549 1990 Vixit
1571 1910 1610 1987 in
1636 1911 1775 1988 sumina

388 2031 409 2086 e
435 2014 561 2098 estate,
585 1939 672 2086 adeo
696 2026 735 2086 iit
762 2035 828 2085 nec
858 2011 974 2109 panis,
1001 2037 1074 2121 quo
1094 2010 1203 2088 vitam
1221 2012 1427 2102 sustineret,
1455 2009 1675 2113 suppeteret,
1698 2025 1777 2086 tan·

414 2133 473 2194 em
498 2110 612 2185 effoeta
630 2108 705 2207 jam
732 2125 850 2198 aetate,
875 2109 1006 2184 morbis
1030 2125 1135 2186 etiam
1160 2107 1309 2201 fractus,
1334 2139 1372 2187 ac
1398 2109 1595 2187 debilitatus
1616 2108 1783 2194 decesfit.=
1879 2191 1881 2196 ,
1923 2145 1928 2156 ·

384 2207 471 2286 Haec
492 2210 636 2308 carptim
659 2234 701 2283 ex
723 2207 853 2311 Jacobo
874 2211 1050 2297 Pontano,
1077 2216 1297 2290 &Pomanus
1318 2235 1362 2287 eii
1380 2209 1582 2286 eodemmet
1606 2207 1772 2309 Georgia,

384 2305 485 2406 cujus
507 2308 594 2383 iilud
608 2308 659 2382 est
670 2306 716 2382 de
734 2306 979 2405 eojudiciuin:
1035 2310 1095 2382 Vir
1103 2312 1172 2400 fuit
1185 2315 1491 2404 πρακτικώτατθι,
1518 2336 1623 2382 rerum
1639 2309 1773 2402 agenda·

384 2407 706 2501 mscienrirfimuu
739 2407 777 2478 de
792 2410 894 2478 tribus
907 2430 1010 2478 autem
1026 2411 1265 2505 imperatoribus
1278 2414 1447 2499 Manuale,
1465 2413 1610 2500 Jaanne,
1627 2408 1775 2506 Consiua·
1891 2403 1895 2418 ¹

387 2511 472 2597 rim,
519 2509 612 2576 uibus
615 2506 774 2598 servivit,
801 2516 847 2576 ira
860 2515 991 2595 meruit,
1018 2529 1055 2578 aa
1067 2535 1154 2580 nemo
1165 2520 1274 2603 magis.
1327 2496 1543 2609 Rogantibus
1557 2503 1771 2611 quibusdam

384 2533 563 2688 nobilibus
585 2604 772 2700 Corcyraeis
795 2602 998 2681 Chronicon
1021 2602 1169 2706 scripsit,
1195 2606 1407 2712 tradiditque
1431 2607 1469 2683 in
1490 2604 1639 2683 Antonii
1658 2609 1772 2680 Sacer·

384 2699 479 2780 rioth
496 2701 676 2793 manibus,
703 2718 740 2778 ut
761 2702 932 2778 idemmet
955 2706 994 2779 in
1013 2705 1085 2779 fine
1098 2705 1210 2806 operis
1224 2704 1327 2797 dicit,
1362 2707 1565 2782 chronicon
1590 2729 1634 2779 ex
1647 2700 1775 2778 Biblio-
1908 2729 1911 2738 ·
1985 2715 1987 2726 '

383 2800 488 2878 theca
510 2802 670 2879 Baiiarica
703 2801 987 2903 depromptum,
1021 2802 1328 2904 digresfionibus,
1361 2805 1490 2914 quibus
1522 2800 1649 2905 pasfim
1681 2823 1772 2902 opus

380 2899 566 2994 abundat,
605 2901 798 3005 multisque
826 2902 924 2993 aliis,
964 2928 1044 3006 quae
1068 2902 1233 3004 dignitati
1258 2903 1412 2982 historiae
1436 2907 1573 2979 officere
1599 2913 1772 3002 poterant,

378 2995 568 3093 detinetis,
590 3016 737 3104 totoque
758 3026 903 3100 corpore
922 3000 961 3075 in
979 3002 1235 3103 compendium
1260 3001 1402 3093 condio,
1423 3002 1574 3108 Jacobus
1594 3005 1773 3078 Pomanus

382 3095 599 3204 iniingvam
618 3100 721 3176 vertit
737 3102 916 3188 Latinam,
941 3100 1054 3190 libris,
1082 3115 1197 3204 atque⁸
1211 3102 1399 3202 capitibus,
1424 3127 1464 3178 ut
1487 3099 1551 3201 ipfi
1581 3123 1773 3201 peroppor-

383 3211 517 3276 tunum
540 3200 656 3276 visum
682 3199 810 3290 suerat,
837 3196 991 3274 divisum
1009 3200 1121 3275 edidit
1132 3199 1334 3300 ingolstadii
1359 3196 1772 3302 ex'sypographiaada·

381 3297 586 3376 niiSartorii
601 3309 707 3395 1604.
729 3301 767 3375 in
778 3324 815 3396 4.
833 3295 1205 3400 cumi'heophyiadbo
1226 3297 1407 3375 Simocata.
1452 3304 1627 3375 Pantanus
1653 3311 1774 3372 tamen

379 3395 426 3474 in
443 3397 517 3474 aliis
534 3397 678 3477 laudem
696 3424 763 3476 nec
782 3399 1081 3474 contemnendam
1109 3399 1318 3499 promeritus
1339 3426 1357 3473 a
1377 3399 1559 3476 nonnuliis
1583 3397 1772 3497 reprehen-

379 3495 497 3590 ditur,
530 3498 688 3600 primum
705 3499 802 3601 quod
815 3501 935 3573 Graece
956 3524 1031 3573 non
1053 3498 1222 3589 ediderim
1257 3495 1453 3575 secundum
1480 3497 1578 3601 quod
1600 3522 1689 3595 opus
1711 3493 1770 3570 ob·

381 3607 606 3691 truncatum,
626 3624 665 3674 ac
679 3599 719 3673 in
738 3601 929 3700 epitomem
948 3593 1153 3690 ferreum,
1178 3624 1255 3673 non
1275 3595 1454 3699 integrum
1473 3596 1632 3673 emiserit.
1685 3594 1773 3671 Scri-

383 3695 494 3799 ptoris
519 3698 618 3774 enirn
646 3722 861 3787 errores,·ac
885 3715 1103 3796 rgumenta
1128 3723 1252 3773 omnes
1279 3693 1322 3771 ab
1351 3704 1540 3798 interprete
1566 3695 1771 3796 exposcunt,

378 3821 462 3874 non
488 3795 536 3874 ita
560 3811 679 3873 tamen
704 3811 745 3872 ut
769 3795 809 3872 in
830 3795 1057 3904 interpretem
1086 3795 1252 3893 rejiciant.
1306 3800 1351 3872 Et
1377 3797 1470 3871 aliud
1498 3797 1549 3871 est
1561 3794 1771 3896 interpretis,

378 3896 480 3976 aiiod
496 3894 706 3974 Correstoris
722 3922 865 3971 munus.
919 3909 1088 3995 interpres
1112 3896 1230 3972 omnia
1244 3897 1408 3985 reddere,
1443 3894 1574 3970 fifidus
1587 3895 1653 3971 eise
1674 3895 1772 3973 vulti

384 3993 574 4074 Conettor
597 4023 675 4075 non
696 3993 866 4097 scriptoris
887 3994 1053 4096 vestigia,
1078 3994 1138 4072 sed
1159 3995 1262 4072 suum
1282 3996 1438 4099 sequitur
1451 3994 1663 4082 institutum.
1715 4021 1773 4070 As·

383 4113 600 4196 gunentum
628 4097 789 4172 chronici
821 4121 864 4169 eii
890 4093 1016 4170 eodem
1044 4095 1199 4197 Georgia
1225 4095 1264 4171 in
1288 4094 1453 4172 rrooemio
1476 4092 1565 4168 iliud
1587 4094 1656 4169 est:
1718 4093 1775 4166 Aa
1881 4116 1883 4120 ·

383 4198 468 4268 branc
478 4199 604 4272 madum
617 4225 668 4293 ega
680 4225 800 4295 quaque
816 4191 1183 4288 Georgius'Phrantzea,
1206 4193 1246 4272 (ὅ
1259 4196 1534 4291 Pratavefliariur,
1549 4192 1587 4270 t'i'
1603 4198 1774 4286 Gregorius

341 4352 350 4360 .
382 4307 616 4391 cognominatus
627 4300 682 4369 ubi
696 4298 739 4368 ad
753 4299 924 4366 Marathos
936 4321 985 4365 me
996 4303 1178 4388 aggregavi,
1191 4297 1248 4391 asta
1261 4295 1416 4391 canftnpſs
1426 4295 1464 4365 de
1476 4303 1534 4382 iis,
1546 4303 1769 4391 quamemarr‘a

378 4422 453 4468 mea
465 4398 662 4488 uenderent,
688 4394 726 4473 (ὅ
737 4397 775 4469 de
788 4398 948 4467 nonnullis
961 4397 1193 4468 calamitatibus
1194 4395 1357 4493 speciatim
1371 4420 1440 4492 qua
1447 4402 1567 4492 partim
1586 4416 1674 4481 ante,
1696 4415 1771 4488 par·

386 4503 440 4568 ra'm
449 4497 685 4596 passsubassam
696 4498 984 4593 Constantinopolim
997 4521 1053 4565 nas
1065 4517 1280 4571 exerceamur.
1297 4499 1488 4594 Acprimum
1499 4494 1624 4592 quidem
1637 4493 1674 4561 de
1689 4515 1772 4561 creo·

380 4600 539 4691 aeratus,
560 4599 599 4680 (Ἰ
613 4601 707 4690 causta
721 4601 847 4698 sinperii
862 4597 1102 4692 Palaalagarum
1113 4597 1258 4673 obmitto
1270 4605 1486 4676 narrationem
1498 4613 1694 4666 carucatam
1719 4588 1771 4660 di-

1644 4713 1772 4788 eamque
