4892 5667
997 837 1314 922 cnnnnuus.
1762 853 1836 950 652

508 1013 559 1080 is,
587 982 921 1086 contemptibiliores
945 983 1192 1094 traditiones,
1213 985 1421 1092 faciliusque
1452 989 1626 1092 reprobari
1656 1007 1835 1094 poterunt,

508 1114 611 1164 arum
624 1087 759 1162 assertor
772 1085 902 1159 nullius
916 1081 983 1158 else
996 1083 1211 1182 dignationis
1232 1085 1408 1162 afferatur:
1459 1087 1529 1165 Sed
1545 1093 1676 1166 vellem
1700 1092 1739 1168 in
1755 1093 1836 1168 uni·

508 1187 547 1262 sa
569 1184 714 1262 cedreni
734 1183 875 1260 historia
893 1181 1047 1283 aliquid;
1101 1179 1199 1282 quod
1208 1181 1382 1282 peculiare
1398 1185 1560 1264 credreni
1570 1185 1630 1278 sit,
1657 1191 1836 1294 aScalige·

508 1285 786 1361 demonstratum
809 1280 946 1368 initiet,
978 1277 1077 1382 quod
1096 1279 1271 1382 nusquam
1296 1281 1458 1381 perlectis
1478 1281 1589 1361 dietis
1617 1283 1833 1382 Austoribue
1897 1317 1901 1325 ·

507 1383 760 1460 monstrabitur:
813 1395 853 1455 ut
871 1380 955 1454 hinc
974 1379 1094 1478 postea
1112 1377 1266 1478 dignum
1284 1405 1331 1457 ne
1353 1381 1442 1458 illud
1458 1383 1561 1459 laude
1574 1381 1633 1474 fit,
1661 1409 1708 1459 an
1720 1409 1836 1488 repre·

507 1481 639 1573 isione,
667 1478 856 1576 dijudicare
876 1475 1062 1578 pollemus.
1113 1479 1212 1554 Dicet
1232 1477 1321 1554 illud
1339 1479 1406 1558 else
1425 1483 1561 1584 liipere,
1588 1481 1652 1585 qui
1674 1481 1838 1560 uticum·

507 1609 521 1658 e
543 1609 565 1656 o
591 1609 632 1656 us
653 1580 719 1670 sit,
738 1580 899 1680 linguam
913 1575 981 1651 else
1002 1571 1156 1656 flectere.
1209 1577 1277 1654 Sed
1295 1578 1359 1670 id,
1383 1579 1512 1684 quibus
1534 1583 1572 1657 in
1592 1575 1737 1682 pestore
1758 1607 1844 1660 ace‹¹

507 1609 614 1772 ried,
636 1677 733 1756 haud
746 1674 955 1778 probabunt.
1010 1675 1188 1752 lmmerito
1201 1693 1365 1776 praeterea
1390 1681 1539 1782 Scaliger
1563 1697 1765 1782 temporum
1777 1705 1832 1757 or-

507 1805 575 1856 iem
595 1779 635 1854 in
651 1773 847 1854 Cedrenicis
869 1773 978 1858 hisce,
1004 1799 1085 1873 qua*
1107 1771 1312 1874 supersunt,
1338 1775 1518 1855 desiderat.
1603 1781 1779 1857 cedrenus
1794 1805 1830 1856 e·

507 1906 527 1954 ri
541 1881 750 1974 Historiarum
764 1875 925 1969 Syriopfiu,
948 1897 1023 1945 non
1040 1875 1340 1969 chronogrdphi'am,
1364 1877 1422 1954 cui
1437 1875 1618 1956 distinctio
1631 1895 1703 1956 tem
1731 1883 1834 1955 orum

509 1977 563 2080 gis
584 1973 770 2072 competit,
794 1968 934 2070 scripfit.
987 1969 1070 2044 Satis
1087 1969 1135 2042 illi
1163 1971 1229 2046 fuit
1252 1974 1427 2084 Regibus,
1453 2002 1505 2054 res
1526 1999 1672 2080 quoque
1693 1905 1756 2054 lbb
1779 2003 1838 2054 eo-

507 2103 531 2150 n
550 2075 748 2176 principatu
769 2073 896 2166 gestus,
920 2071 1019 2142 nullo
1041 2095 1216 2144 annorum
1236 2073 1360 2149 ordine
1385 2073 1632 2152 discriminatus
1663 2075 1840 2176 sup’pone-

550 2177 600 2248 At
619 2175 745 2246 evolue
765 2169 862 2246 sodes
881 2168 1098 2257 cedrenum,
1125 2195 1233 2272 quam
1254 2171 1312 2248 tlte
1331 2171 1498 2250 distinsie
1520 2179 1703 2278 pleraque,
1728 2200 1838 2278 quam

507 2284 626 2357 curate,
661 2279 693 2345 &t
722 2294 761 2343 ea
784 2267 1027 2373 potilsimum,
1054 2293 1132 2368 quae
1151 2291 1195 2342 ex
1218 2269 1441 2371 Theophane
1467 2289 1647 2350 mutuatur
1671 2273 1732 2350 suo
1759 2278 1839 2350 loco

506 2368 635 2446 tribuit.
685 2371 730 2442 Et
747 2365 786 2440 in
799 2365 1026 2463 exscriptione
1038 2365 1195 2462 Scylitiae
1208 2371 1355 2464 Scylitza
1369 2370 1439 2471 ipse
1454 2373 1653 2476 sequendus
1672 2387 1753 2462 erat,
1775 2371 1839 2474 qui

506 2467 605 2542 iones
619 2493 693 2542 non
706 2464 750 2539 ad
764 2489 894 2550 annos,
914 2459 974 2536 sed
992 2462 1034 2567 atil
1050 2463 1194 2562 imperia
1209 2469 1323 2544 ret'ert.
1377 2477 1505 2573 Neque
1517 2471 1737 2573 prudentiori
1750 2497 1836 2547 con·

506 2593 523 2642 o
553 2593 640 2666 opus
666 2561 813 2638 cedreni
841 2560 988 2636 unicum
1010 2582 1056 2631 iri
1080 2559 1153 2632 diro
1172 2567 1340 2659 partior,
1393 2575 1541 2646 alterum
1565 2570 1715 2670 ingens,
1737 2567 1838 2670 quod

506 2667 520 2742 'e
542 2665 717 2742 cedrenus
734 2687 777 2736 ex
797 2661 898 2734 variis
918 2653 1139 2766 Auctoribus·
1153 2659 1382 2756 compilatum
1404 2663 1663 2761 conscripserat,
1691 2671 1839 2742 alterum

506 2761 674 2840 inioribus
687 2786 763 2835 non
778 2763 892 2834 multo
906 2756 984 2856 post
995 2779 1068 2850 ejus
1083 2752 1220 2828 obitum
1247 2757 1466 2846 mutilatum,
1494 2761 1583 2834 adeo
1602 2777 1642 2835 ut
1660 2787 1725 2838 nec
1743 2763 1836 2862 prio⁴

522 2857 717 2940 voluminis
740 2851 1043 2960 breviariumllfifi,
1074 2851 1134 2928 sed
1156 2852 1270 2952 potius
1285 2855 1449 2946 cadaver,
1468 2859 1591 2961 estque
1604 2859 1690 2934 illud
1705 2859 1834 2959 ipsum,

506 2961 548 3040 sd
561 2961 699 3038 editum
717 2959 837 3032 Graece
855 2959 1023 3032 &Latine
1043 2973 1113 3050 pre
1131 2951 1295 3028 maiubus
1316 2955 1479 3030 omniurn
1490 2961 1551 3033 est.
1595 2958 1743 3036 cedreni
1769 2974 1841 3036 ete·-

506 3089 528 3136 n
547 3085 654 3162 opus,
681 3055 781 3160 quod
807 3053 977 3130 habemus
996 3075 1070 3124 non
1092 3053 1143 3125 est
1165 3051 1268 3158 primi
1292 3053 1404 3152 operis
1425 3055 1617 3132 acedreno
1640 3058 1836 3158 compositi,

506 3159 550 3234 od
570 3163 711 3232 nullum
733 3153 819 3242 fuit,
845 3151 1074 3238 breviarium,
1097 3148 1155 3224 sed
1176 3150 1263 3224 illud
1287 3150 1403 3250 ipsum
1425 3153 1610 3232 abeodem
1636 3153 1840 3248 collectum,

505 3255 602 3358 quod
619 3253 691 3354 ipse
713 3251 935 3360 nuncupavit
954 3249 1115 3358 essedo,
1150 3253 1363 3342 breviarium,
1387 3253 1486 3356 quod
1511 3253 1612 3332 brevi
1649 3255 1840 3332 verborum

505 3345 623 3442 cuitu,
650 3363 683 3430 ci
706 3350 816 3427 veluti
845 3377 884 3444 in
911 3349 1123 3450 compendio
1149 3373 1200 3423 res
1224 3349 1399 3450 prolixas,
1426 3365 1531 3455 atque
1557 3353 1738 3432 immensae
1762 3353 1836 3430 scri·

505 3481 580 3530 onis
594 3451 792 3563 legentibus
808 3451 1046 3528 traderentur:
1083 3463 1407 3550 argumentoerunt
1420 3449 1621 3529 Auctorem
1643 3452 1836 3544 sententie,

512 3570 750 3652 narrationes,
778 3579 866 3658 quaq
892 3553 979 3640 ille,
1005 3565 1044 3625 ut
1074 3547 1168 3649 apud
1195 3571 1254 3623 eos
1274 3553 1466 3647 leguntur,
1488 3577 1606 3654 neque
1634 3553 1838 3642 immutans,

505 3651 512 3726 l
532 3651 602 3726 fida
624 3650 815 3728 verborum
830 3649 1125 3738 continuatione,
1165 3645 1267 3722 rebus
1285 3649 1402 3723 minus
1422 3653 1628 3750 opportunis
1654 3648 1839 3750 neglectis,

505 3751 617 3852 ponit.
670 3753 716 3824 Et
736 3749 899 3826 breviarii
917 3750 987 3838 est,
1010 3773 1085 3824 rein
1106 3752 1142 3821 lo
1195 3742 1422 3852 averborum
1440 3751 1525 3826 sene
1545 3749 1739 3826 circumseri
1768 3771 1839 3826 ram

505 3849 604 3956 iviori
617 3847 811 4022 seditem
836 3845 1103 3948 &paucioribus
1116 3867 1180 3936 ver
1204 3868 1233 3917 is
1252 3845 1479 3928 concludere:
1503 3849 1602 3950 quod
1614 3848 1710 3926 secus
1728 3777 1835 3926 tilia·

505 3970 575 4022 :tn
600 3951 649 4024 Ce
694 3971 773 4024 eno.

606 4139 732 4216 Monet
756 4147 875 4212 tamen
904 4131 1045 4226 Vossius
1071 4157 1116 4212 eir
1136 4131 1290 4212 Gesnero
1312 4133 1499 4216 Historiam
1517 4139 1698 4218 cedrenia
1725 4154 1838 4220 morte

504 4235 644 4336 cephori
673 4259 784 4338 usque
804 4236 847 4310 ad
866 4235 1055 4336 imperium
1079 4237 1179 4311 lliiaci
1200 4237 1370 4344 comneni
1392 4241 1497 4314 etiam
1513 4239 1581 4342 legi
1601 4239 1664 4315 sub
1692 4245 1840 4318 nomine

504 4336 596 4412 uinis
613 4337 825 4437 curopalate
845 4337 930 4438 (qiu
950 4336 1048 4410 idem
1060 4339 1110 4412 est
1131 4363 1214 4412 cuin
1230 4338 1397 4428 Scylitzu)
1412 4341 1530 4438 paucis
1543 4341 1705 4443 exceptis.
1754 4349 1783 4422 l.
1805 4350 1840 4418 ὃ(

1096 4437 1278 4558 Ηὴ-Ιιὴι3
1334 4544 1337 4552 Ι
1368 4544 1393 4556 ι.
1572 4455 1597 4526 ’,
1714 4442 1839 4546 Casuu-

504 4609 515 4685 )
536 4609 580 4667 ne
597 4603 733 4666 imit-bus
749 4571 902 4665 conubis
918 4609 994 4666 oss.
1011 4561 1198 4689 {egvinum
1214 4608 1268 4670 ore
1284 4609 1464 4678 cosituaiae
1482 4601 1763 4696 arbitorieap,grue
1776 4617 1840 4662 er·-

526 4741 542 4748 .-
581 4691 1063 4774 diull,‚.rreuesaueunun.r.206s
1109 4727 1115 4734 ·
1344 4785 1349 4800 1
1411 4793 1414 4798 Ι
1493 4705 1534 4814 i·-
1596 4689 1615 4800 Ἰ
