4892 5667
519 870 574 946 60
918 856 1174 939 Gtossattta
1183 852 1507 988 Quint.
1643 851 1929 956 Lib.V.cap.4o‚

522 983 687 1106 brquibm
703 1001 847 1097 diversus
857 1004 1264 1098 accentusfignificationem
1274 1013 1439 1090 immutas,
1466 1000 1504 1077 δ
1521 1000 1730 1098 Onomaslicon
1743 1021 1844 1071 vetars
1860 1003 1928 1074 La·

522 1111 768 1194 tino-Gracum,
780 1101 816 1198 f)
841 1106 915 1174 olim
929 1103 1054 1200 quidem
1067 1106 1272 1196 Argentorari
1283 1129 1337 1180 an.
1357 1107 1464 1194 1536.
1481 1099 1620 1188 editum,
1631 1097 1669 1176 tl
1679 1102 1829 1196 calepino
1841 1121 1927 1198 pre·

516 1205 645 1303 finem:
666 1199 1109 1306 quibusomnibus'adjecit
1122 1200 1180 1276 ille
1193 1195 1622 1300 Notas&Ca'stigationes,
1646 1197 1777 1272 tamin
1786 1197 1926 1280 Gloffa·

526 1301 595 1392 ria,
620 1316 698 1378 tram
713 1301 751 1376 in
766 1312 886 1376 caetera
900 1298 1028 1402 quibus
1043 1298 1237 1376 editionem
1249 1297 1347 1376 luam
1361 1296 1556 1374 adornavit.
1581 1301 1661 1402 Qra
1675 1295 1763 1372 inre
1780 1295 1819 1372 id
1832 1323 1928 1400 prae·

526 1399 615 1477 stitit
626 1400 724 1502 qvod
745 1399 919 1500 pollicitus
933 1397 1044 1474 fuerat
1065 1403 1109 1474 H.
1125 1399 1340 1504 Stephanus,
1367 1396 1431 1499 qvi
1447 1395 1749 1472 Emendationum
1763 1392 1929 1492 suartnn,

555 1526 678 1574 varum
701 1497 771 1574 ‘am
791 1523 959 1598 magnam
977 1511 1112 1596 partem
1134 1493 1298 1573 arenam
1318 1507 1351 1574 ὃ(
1375 1511 1528 1595 paratam
1543 1491 1744 1571 habuill'ese
1760 1495 1872 1574 restat
1914 1555 1928 1592 ,

526 1525 626 1697 ipern
638 1527 830 1674 letioribus
842 1593 1022 1692 injecerat,
1048 1594 1202 1670 maxime
1215 1593 1256 1669 in
1267 1592 1447 1670 vocabulis
1460 1593 1698 1696 Graecis,qvae
1709 1607 1752 1669 ut
1765 1617 1862 1672 men
1891 1623 1930 1676 o·

524 1695 576 1785 so,
602 1701 663 1771 vel
673 1695 793 1772 saltem
806 1719 885 1796 qvae
907 1691 1031 1768 mendi
1047 1690 1206 1794 suspetta
1221 1691 1291 1767 vila
1305 1707 1421 1784 erant,
1441 1691 1574 1795 absque
1586 1705 1731 1769 accentu
1745 1689 1930 1780 ediderat.

528 1797 670 1870 Verum
681 1807 722 1869 ut
734 1793 824 1894 saepe
838 1791 1012 1893 contingit
1026 1793 1118 1867 viros
1132 1789 1257 1868 dottos
1272 1795 1460 1870 nonnullas
1474 1790 1620 1894 aggredi
1633 1791 1741 1867 solere
1754 1787 1932 1876 literana

527 1891 812 1982 lucubrationes,
834 1889 965 1992 quibus
984 1889 1146 1967 ultimam
1168 1917 1316 1966 manum
1340 1916 1633 1994 apponere·mors
1649 1903 1764 1981 vetat,
1791 1915 1838 1970 ea
1854 1899 1931 1976 Ste-

528 1989 641 2164 ssbani
661 1986 854 2065 lucubratio
871 2014 954 2064 cum
975 1988 1049 2089 ipso
1062 1988 1205 2067 auctore
1223 1988 1371 2066 interiit:
1393 1990 1491 2100 quod
1511 1987 1660 2094 quidem
1674 1987 1863 2070 damnum
1876 2019 1936 2074 re·

581 2089 651 2164 cire
664 2101 806 2164 conatus
821 2089 875 2164 cst
883 2087 1089 2163 Vulcanius.
1134 2087 1253 2164 Sed&
1271 2088 1309 2163 id
1324 2089 1359 2165 se
1370 2102 1495 2190 pariter
1519 2086 1717 2191 aggrellum
1733 2091 1932 2188 profitetur

529 2185 657 2266 alicubi
673 2187 910 2278 casaubonus,
935 2192 977 2287 g)
1023 2186 1061 2262 vi
1082 2212 1165 2263 cum
1186 2185 1366 2286 accepisset
1380 2185 1537 2265 Glollarii
1558 2184 1754 2265 editionem
1770 2191 1929 2290 pararit

528 2287 727 2376 Vulcanio,
752 2283 985 2386 abinceptod
1039 2284 1104 2364 itit.
1158 2286 1321 2358 Hatdenus
1336 2289 1489 2380 Congius.
1804 2351 1809 2360 .

532 2420 537 2428 ·
691 2383 854 2486 ueniqve
879 2389 1010 2458 Carolus
1039 2387 1181 2456 labbeus
1191 2387 1301 2486 JCtus
1325 2383 1514 2462 larissensis
1547 2383 1796 2488 frequentibus
1825 2389 1925 2494 Jol'e·

528 2477 769 2582 pbiScaligeri
793 2493 827 2556 ὃ(
842 2479 943 2557 lsaaci
959 2480 1155 2557 Cal'auboni
1174 2484 1293 2558 litter-is
1308 2483 1492 2574 excitatus,
1515 2484 1560 2560 ad
1572 2484 1759 2562 meliorem
1786 2489 1923 2568 studic-

529 2579 649 2656 l'ortun
670 2582 772 2655 usum
791 2581 990 2680 glollariom
1013 2581 1147 2681 duplex
1166 2587 1274 2682 lorge
1297 2581 1485 2657 accuratius
1506 2581 1719 2685 pleniusque
1743 2582 1793 2662 ita
1823 2589 1922 2668 ador·

528 2677 651 2764 navit,
675 2693 716 2754 ut
730 2681 1088 2756 latino-Gracumex
1102 2681 1394 2770 Graeco-tarino,
1421 2679 1646 2793 vicisfimqve
1673 2683 1918 2764 Graeco-lati·

528 2801 619 2854 num
646 2803 691 2854 ex
715 2779 1011 2871 Latino-Grato,
1062 2791 1097 2857 tx
1123 2795 1315 2890 utrumque
1337 2805 1381 2857 ex
1406 2781 1635 2856 Onomalbco
1657 2781 1922 2864 Graeco-latino

530 2878 733 2980 eaeterisqve
753 2877 794 2955 ab
809 2883 854 2957 H.
869 2880 1046 2980 Stephano
1068 2888 1102 2955 8(
1120 2883 1297 2958 Vulcanio
1316 2877 1500 2978 publicatis
1520 2878 1695 2980 suppleret
1720 2891 1758 2959 &
1784 2909 1920 2962 accura-

430 2988 436 3000 '
530 2975 625 3050 tioris
639 2977 832 3062 litterarum
844 2977 969 3050 ordine
982 2977 1173 3074 digereret,
1196 2979 1263 3051 bac
1282 2975 1522 3066 iudicationis,
1545 2978 1644 3054 unde
1655 2975 1800 3080 lingula
1822 3007 1918 3088 repe·

527 3069 754 3161 titafuerint,
780 3071 910 3145 servata
922 3069 1074 3156 ratione,
1098 3087 1138 3144 ut
1151 3097 1256 3148 voces
1268 3098 1349 3174 qvae
1362 3071 1400 3146 in
1414 3074 1674 3154 Latino-Graeco
1688 3079 1917 3178 gloffario,ex

525 3171 811 3257 Latino-Graeco,
838 3165 1040 3242 acvicisfim
1053 3195 1133 3271 qvae
1145 3168 1184 3244 in
1197 3171 1455 3247 Gracco-Latino
1474 3198 1518 3250 ex
1532 3177 1797 3258 Graecoiatino
1819 3187 1915 3262 Heu-

525 3265 587 3344 rici
601 3265 770 3365 Stephani
783 3264 949 3342 desumtae
962 3266 1060 3356 sunt,
1092 3273 1191 3344 nullo
1204 3267 1660 3374 charatteredelignentur:
1712 3295 1840 3360 contra
1855 3307 1914 3362 ve·

527 3389 569 3439 ro
593 3389 674 3464 qun
691 3363 732 3438 in
751 3365 873 3440 Latino
893 3369 1016 3441 Graeco
1034 3390 1078 3441 ex
1100 3371 1221 3444 Graeco
1239 3369 1361 3444 Latino
1378 3371 1542 3472 exscripta
1566 3374 1671 3467 sunt,
1697 3375 1917 3462 denotennr

528 3461 642 3537 littera
662 3465 702 3536 C.
725 3489 795 3564 qva
815 3461 935 3558 Cyrilli
959 3465 1108 3542 nomine
1125 3466 1330 3567 inscriptum
1361 3469 1560 3569 glollarium
1581 3473 1759 3554 innuitur:
1808 3463 1915 3562 ⁸vicis·

528 3555 597 3636 fim
613 3587 693 3660 qvae
706 3559 745 3635 in
760 3565 882 3636 Gracco
896 3563 1017 3636 Latino
1036 3589 1078 3638 ex
1095 3563 1214 3640 Latino
1228 3571 1366 3656 (hace,
1389 3568 1498 3644 littera
1513 3575 1548 3648 P.
1563 3597 1633 3673 qva
1641 3571 1831 3658 Philoxeni
1854 3607 1915 3660 no·

421 3765 425 3772 Ι
524 3659 724 3758 attendatur
735 3659 904 3762 intelligi,
929 3659 1009 3736 licet
1024 3665 1259 3740 Philoxenum
1272 3663 1364 3766 illiup
1376 3665 1443 3742 elle
1456 3668 1605 3770 glollarii
1618 3667 1807 3756 auctorem
1823 3707 1909 3762 neu·

910 3779 914 3786 '
1778 3779 1915 3886 tiquam

606 3888 779 3980 prodiretis
794 3889 997 3973 significatione
1011 3917 1156 3958 accentum
1171 3896 1306 3958 direrlbm
1322 3899 1479 3977 accipiunt,
1493 3900 1603 3982 Cy'rillo
1618 3905 1725 3966 tributa
1738 3909 1778 3970 ab
1793 3913 1869 3984 aliis,
1879 3913 1911 3976 ab

609 3967 671 4028 alus
681 3974 841 4054 Philopono
855 3982 956 4039 ordiri
972 3984 1085 4047 Volusn.
1095 3989 1146 4048 lX.
1156 4007 1184 4064 p.
1198 3985 1264 4066 365.
1276 3988 1336 4048 Vll.
1344 4005 1372 4064 p.
1384 3987 1431 4066 30.
1479 3989 1513 4068 3)
1532 3993 1824 4072 moynivorabula
1840 4003 1873 4062 de
1886 4019 1913 4062 re

607 4063 746 4136 lstimir
762 4057 848 4144 τα-’Ξιι
867 4091 915 4128 τ·-·
925 4095 935 4118 -·
947 4059 1009 4134 aad
1017 4069 1043 4138 ri.
1053 4069 1223 4154 drepanius
1239 4071 1295 4138 adn
1311 4073 1481 4168 aegroto,
1495 4083 1589 4158 qualia
1603 4083 1694 4143 Suidae
1708 4083 1805 4154 solent
1816 4091 1911 4174 subjici

610 4176 666 4218 nna
683 4168 841 4226 curn-brevi
862 4169 969 4228 tlrbr'cr'r'
980 4173 1224 4252 apospasmatico,
1253 4167 1388 4261 Oeensis
1404 4163 1465 4240 w&
1480 4197 1520 4240 ra·
1555 4171 1613 4242 ab
1633 4165 1657 4238 td
1668 4171 1910 4272 σραίευμτί-

608 4245 694 4344 ξεν.
745 4267 809 4325 lllar
826 4289 841 4327 ο
857 4268 981 4330 roario
1014 4275 1152 4333 auctores
1168 4281 1264 4336 Graece
1280 4297 1312 4336 ex
1328 4277 1433 4338 Codice
1447 4281 1626 4362 Segnis-riano
1641 4279 1719 4345 dedit
1735 4295 1764 4349 dr
1781 4291 1910 4356 Larium

609 4353 765 4417 milonem
780 4359 903 4436 adjunxit
916 4361 1048 4424 erudirill
1065 4365 1284 4432 Monrfauconus
1298 4391 1328 4450 p.
1363 4357 1486 4450 05.'seq.
1502 4369 1782 4448 Bibl..Coislmrarrae.

520 4449 523 4456 '
566 4427 605 4512 s)
626 4439 691 4532 llos
704 4447 899 4535 onomasticon
914 4450 1055 4530 prioribus
1069 4451 1124 4508 illis
1138 4451 1274 4536 glollariis
1288 4455 1442 4532 praitauria
1457 4453 1693 4520 [eleanam-aum
1709 4485 1736 4521 νι
1748 4469 1913 4532 cabulomffi

609 4519 704 4578 nrbrlo
718 4521 836 4587 inferius
854 4533 1002 4592 Vulcanius
1014 4537 1153 4615 appellat,
1172 4537 1229 4597 sna
1245 4539 1305 4598 usus
1316 4541 1541 4620 Argentoratenti
1554 4541 1697 4614 editione.
1719 4551 1818 4632 iraque
1834 4567 1861 4618 dt
1871 4577 1915 4618 ιο·

608 4603 717 4702 tabulis
729 4611 746 4665 :i
759 4609 847 4668 literis
864 4617 885 4671 ll
903 4623 930 4674 dt
944 4619 969 4678 Z
982 4620 1141 4698 incipientia
1156 4625 1268 4687 omitit,
1286 4625 1350 4704 quia
1359 4625 1551 4709 typographus
1564 4633 1871 4711 Argentotacufisula
1884 4657 1915 4706 ‘8

608 4689 716 4748 Codice
724 4695 775 4755 tls
800 4699 993 4773 repraestntase
1008 4711 1166 4789 neglexeras
1180 4709 1245 4796 idcp
1260 4708 1338 4794 quod
1351 4715 1534 4775 metaliter&
1546 4703 1642 4786 clitus.

561 4773 600 4886 g)
619 4773 741 4858 Epistola
754 4785 818 4853 ιν.
832 4775 868 4844 at
880 4785 954 4856 aad.
970 4787 1207 4874 bruningum,
