4892 5667
517 861 590 950 348
932 847 997 924 DE
1020 840 1276 919 GENNADIO
1304 835 1431 918 CPOL.
1646 833 1921 940 lab.rs.cap.43.

547 1030 570 1080 o
592 999 789 1080 existimant
815 1002 887 1076 illas
915 975 1001 1111 iplas
1030 998 1211 1109 Orationes
1237 995 1338 1107 elle,
1375 1016 1459 1169 211ae
1480 1011 1563 1066 cum
1591 977 1679 1063 allis
1704 961 1924 1068 fidndllll}

514 1027 667 1181 leorfim
705 1100 769 1176 sub
801 1101 945 1201 Georgia
972 1100 1138 1175 Scholarrr
1170 1120 1318 1172 nomme
1353 1119 1373 1171 e
1412 1106 1455 1168 tae
1488 1087 1601 1177 sunt,
1652 1097 1774 1198 corana
1809 1107 1921 1202 quam

520 1200 624 1281 sensit
645 1204 826 1277 Matthaeus
855 1201 1143 1299 Caryophyllus,
1183 1195 1249 1299 qui
1274 1196 1366 1270 hanc
1394 1195 1584 1298 vulgarem·
1603 1209 1817 1287 oprnronem
1843 1185 1920 1303 solr-

521 1300 666 1376 diss‘nnis
691 1299 881 1386 rationibus
907 1296 1103 1374 confutavit
1130 1356 1139 1384 ,
1179 1293 1343 1371 adversus
1369 1317 1455 1394 quas
1481 1281 1844 1395 Allatranadefenfio
1858 1313 1918 1400 'nr-

521 1399 572 1475 hil
595 1413 653 1474 aut
680 1426 804 1499 parum
826 1397 920 1478 facit,
972 1398 1040 1472 Sed
1059 1397 1105 1471 de
1130 1394 1207 1484 his,
1241 1392 1323 1495 quia
1346 1385 1520 1500 operofior
1546 1384 1692 1496 questro
1713 1385 1792 1476 est,
1830 1387 1918 1466 drce·

523 1513 579 1574 tur
602 1499 662 1573 ubi
691 1501 734 1574 de
763 1497 937 1596 Operibus
963 1495 1128 1572 Sclrolarii
1159 1491 1413 1593 disputandum
1440 1500 1517 1567 errt.
1591 1483 1632 1560 ld
1664 1482 1772 1561 habet
1801 1503 1916 1568 autem

526 1597 755 1698 Caryophylli
783 1596 953 1672 sententia
985 1592 1200 1702 commodi,
1242 1587 1402 1701 quodsi
1437 1582 1628 1762 sppposrtas
1657 1579 1917 1766 ‘seholmooll

524 1695 625 1772 fuille
652 1724 671 1770 a
696 1695 824 1772 Graecis
856 1695 1050 1770 concordiae
1074 1688 1234 1768 studiosas
1264 1705 1435 1766 orationes
1504 1711 1539 1761 as
1564 1684 1790 1778 statuamus,
1827 1713 1855 1764 n

523 1793 636 1872 fenne
663 1793 819 1894 superest
849 1794 894 1868 de
916 1821 990 1869 uno
1019 1797 1079 1868 vel
1104 1788 1256 1894 geminis
1289 1782 1470 1865 Scholariis
1503 1794 1536 1862 δι
1564 1781 1761 1860 Gennadiis
1789 1799 1920 1864 contro·

524 1891 649 1975 versu.
701 1892 773 2000 Qui
798 1892 895 1967 enim
916 1893 1042 1969 foetum
1066 1893 1163 1968 hunc
1186 1886 1413 1966 celeberrimo
1439 1882 1536 1987 apud
1563 1885 1701 1994 Graecps
1734 1882 1927 1964 schismatis·

526 1991 763 2069 tenacisfimos
790 1991 901 2068 autori
921 1990 1124 2092 supposuit,
1152 1987 1267 2092 potuit
1293 1987 1399 2097 etiarn
1426 1988 1525 2061 nullo
1550 1995 1696 2084 negotio
1715 1977 1819 2062 Aeris
1828 1985 1917 2062 Grae·

529 2091 578 2167 cis
598 2091 770 2185 inserere,
809 2118 888 2194 quae
911 2090 980 2167 illic
1005 2092 1050 2166 ad
1072 2090 1210 2164 illarum
1237 2085 1480 2163 auctorrtatem
1504 2081 1814 2160 confirmandaml
1903 2127 1918 2142 ·

528 2203 597 2268 tur.
660 2197 757 2268 Nam
782 2189 810 2265 fi
833 2192 909 2266 haec
930 2216 1040 2291 pauca
1066 2188 1172 2265 verba
1198 2185 1446 2287 excipiuntur,
1474 2193 1508 2261 &
1534 2184 1643 2294 Marci
1667 2179 1819 2294 Eplresti
1873 2182 1919 2288 pi·

530 2289 641 2380 stola,
666 2315 747 2391 quae
772 2303 853 2365 ante
872 2315 1001 2390 paucos
1022 2315 1131 2364 annos
1159 2285 1200 2363 ab
1224 2285 1353 2363 Allatio
1374 2283 1468 2361 edita
1485 2284 1561 2392 est,
1586 2307 1649 2357 vur
1671 2283 1919 2388 quicquamin

531 2385 624 2462 illius
647 2386 762 2463 saeculi
784 2390 1026 2465 monumentis
1048 2388 1214 2476 occurrit,
1240 2385 1338 2461 unde
1357 2382 1586 2461 Gennadrum
1611 2379 1686 2458 save
1711 2381 1921 2464 scholarium

533 2487 667 2560 constet
690 2483 921 2561 Ecclesrarum
950 2485 1142 2562 sanciendae
1166 2484 1360 2561 concordiae
1390 2480 1529 2557 navasse
1562 2505 1735 2582 operam,
1785 2481 1918 2560 cum'n

535 2586 658 2659 eadem
685 2583 936 2685 disrumpenda
959 2586 1124 2686 deinceps
1148 2585 1191 2660 ad
1209 2598 1402 2661 extremam
1427 2606 1542 2686 usque
1568 2592 1704 2657 etatem
1732 2577 1915 2684 petundi·

534 2679 822 2785 fimeoccupatus
845 2683 944 2759 fuille
963 2685 1133 2762 videatur.
1578 2771 1580 2776 ¹

696 2793 729 2862 6.
782 2783 864 2860 Sive
888 2783 898 2858 i
928 2785 1019 2874 itur,
1049 2800 1088 2863 ut
1106 2781 1181 2860 fieri
1207 2779 1355 2858 omnino
1379 2777 1519 2882 potuit,
1545 2777 1723 2882 Georgius
1738 2777 1922 2862 scholarius

539 2881 868 2958 GraecosFlorentiae
879 2810 1101 2960 adunionem
1111 2884 1266 2958 hortatus
1277 2879 1408 2968 fucrit,
1432 2878 1506 2955 srve
1517 2881 1612 2957 secus
1713 2879 1760 2974 't,
1787 2881 1925 2960 idenuu

535 2985 641 3079 plane
656 2980 842 3056 obscurum
855 2984 923 3070 est,
949 2982 1103 3058 reversus
1118 3007 1200 3056 cum
1235 3004 1350 3055 oanne
1365 2982 1557 3082 l'alaeologo
1570 2981 1649 3055 Con
1732 2979 1926 3086 tinopolim,

536 3077 695 3176 adjunxit
708 3078 742 3154 se
756 3083 872 3156 Marco
885 3079 1037 3179 Ephefio
1051 3083 1090 3154 iu
1101 3107 1147 3179 op
1176 3076 1345 3179 ugnanda
1361 3077 1495 3156 unione
1513 3138 1523 3172 ,
1556 3101 1635 3184 quae
1651 3081 1844 3160 Florentia
1860 3079 1928 3158 Κπ-

537 3177 602 3252 cita
614 3176 735 3253 fuerat.
812 3181 934 3280 Atque
946 3178 1030 3269 illo,
1056 3192 1097 3255 ut
1109 3107 1275 3268 videtur,
1301 3177 1468 3278 temporis
1482 3177 1666 3257 intervallo
1677 3177 1817 3282 scripfit
1831 3183 1931 3260 Geor·

537 3275 616 3376 gius
624 3280 734 3351 multa
743 3274 904 3352 adversus
915 3276 1053 3353 Latinos
1062 3277 1245 3379 opuscula,
1258 3303 1337 3380 quae
1346 3276 1510 3354 extantin
1524 3276 1624 3354 variis
1633 3274 1806 3358 Bibliorh.
1821 3277 1931 3384 Κεφ

536 3372 736 3464 codicibus,
765 3399 896 3475 nempe
906 3381 1079 3449 Humiliam
1087 3379 1132 3450 od
1137 3377 1364 3476 ΛαἹινόΦςονας
1374 3375 1411 3449 de
1422 3381 1627 3474 Purgarorio,
1654 3387 1689 3455 &
1704 3379 1780 3473 Res
1807 3381 1930 3480 »fian

536 3474 903 3574 adeorumobjellioneu
931 3401 1806 3580 DeProcefflonespirimssanui,&aliaquaedamdeo
1835 3477 1928 3558 ullu

537 3572 673 3650 dicetur
685 3575 746 3649 suo
758 3578 846 3649 loco.
916 3579 989 3649 Hac
1003 3573 1181 3650 occafione
1195 3577 1367 3677 Georgius
1382 3574 1574 3652 Scholarius
1588 3577 1627 3651 in
1645 3507 1928 3680 Joannislalaeo·

537 3673 611 3773 logi
628 3671 859 3750 offensionem
873 3673 1041 3754 incurrit,
1079 3675 1231 3774 graviter·
1252 3673 1420 3750 commoti
1443 3675 1540 3776 quod
1562 3674 1738 3752 unionem
1766 3691 1864 3758 tanto
1881 3679 1922 3752 la·

539 3768 657 3848 borea
682 3774 716 3849 se
744 3788 985 3874 procuratam,
1025 3784 1059 3851 ἃ
1076 3773 1184 3870 cujus
1200 3772 1372 3850 beneficio
1393 3771 1518 3849 auxilia
1544 3773 1587 3850 ab
1610 3773 1702 3852 ltalis
1729 3775 1773 3855 in
1800 3779 1923 3856 summo

538 3872 806 3949 rerumsuarurn
819 3871 1017 3949 discrimine
1032 3871 1213 3949 neceffaria
1234 3871 1411 3974 sperabat,
1446 3872 1639 3950 scholarius
1663 3895 1783 3970 voce,
1808 3871 1928 3980 scriptis

541 3975 575 4043 dr
589 3967 815 4065 auctoritate,
844 3999 923 4074 quae
939 3989 1010 4049 erat
1026 3973 1122 4073 apud
1140 3977 1324 4074 populares
1342 3974 1420 4049 suos
1436 3973 1632 4076 precipua,
1661 3973 1860 4056 disturbare
1879 3999 1928 4054 co·

540 4083 690 4149 naretur.
741 4069 856 4148 'l'cstis
870 4071 991 4172 ipsein
1007 4071 1175 4147 Oratione
1193 4071 1466 4174 apologeticnad
1489 4071 1767 4152 Constantinum
1788 4079 1928 4180 lmpcra·

541 4178 675 4257 torem,
715 4166 762 4244 ita
777 4183 895 4245 tamen
907 4185 947 4247 ut
963 4171 1092 4272 Joanni
1106 4171 1301 4246 simulatam
1316 4173 1430 4272 potius
1445 4170 1730 4274 indignationem
1745 4201 1856 4282 quam
1870 4173 1929 4250 fir.-

540 4265 840 4348 ceramadscrlbal.
883 4271 1057 4361 Derncle,ln
1087 4271 1147 4361 ull,
1155 4279 1267 4369 optimo
1277 4274 1325 4341 illo
1335 4276 1519 4371 Imperatore
1527 4273 1775 4368 indignationem
1779 4277 1880 4374 prese
1880 4273 1929 4368 [τ

539 4389 625 4436 reare·
634 4368 822 4438 alveorum
831 4367 1006 4461 dogmatum
1013 4297 1106 4462 dadin
1118 4397 1228 4460 torrem,
1247 4374 1497 4444 committendum
1509 4399 1569 4443 aron
1578 4373 1769 4468 exljlimavr',
1779 4377 1930 4474 torquibus

529 4466 860 4558 sabrdargnoraeror,
883 4468 1147 4569 videreturpquod
1156 4497 1205 4541 me
1218 4478 1269 4542 ira
1285 4473 1481 4569 Imperatoris
1496 4473 1542 4546 ad
1557 4469 1795 4574 Chrrstijrqgum
1812 4473 1928 4648 agel·

1887 4591 1914 4640 el

581 4711 617 4790 g)
631 4711 697 4768 Hoc
705 4707 867 4789 neutiquam
877 4711 1009 4771 credibile
1017 4711 1126 4772 videtur
1141 4755 1149 4783 ,
1168 4717 1219 4771 &a
1230 4709 1376 4774 Genudio
1383 4711 1445 4793 ipso
1454 4715 1568 4799 ejusque
1576 4679 1673 4776 amicis
1688 4719 1717 4776 sc
1731 4715 1853 4778 inimicit
1866 4729 1927 4772 cou-

646 4796 728 4856 rinuo
737 4792 860 4856 salutans
866 4795 1136 4866 mucidumfuiffes.
