4892 5667
1040 835 1419 918 nuueuzuuuus.
1850 843 1924 944 '7²5

532 985 623 1054 lium
650 977 785 1071 Eusebio
800 969 987 1072 suffuratus
1012 977 1075 1074 tsls‘
1125 985 1233 1074 itaque
1247 979 1309 1071 suo
1331 980 1500 1072 exsensu,
1522 986 1649 1056 vultum
1674 995 1722 1077 ei,
1742 987 1930 1090 speciemque

523 1081 654 1178 fiuxit,
682 1099 719 1149 ut
745 1077 785 1147 ab
812 1101 847 1148 eo
876 1069 1130 1170 Trapezumium
1153 1085 1284 1165 uerius,
1310 1101 1406 1174 mam
1432 1079 1602 1172 Eusebium
1625 1085 1815 1162 haberemus.
1858 1095 1924 1162 ‚lu

535 1185 685 1277 capitum
706 1174 877 1261 ordimur,
904 1197 1130 1272 numerumque
1154 1195 1283 1265 munt,
1311 1183 1359 1246 ita
1375 1175 1577 1268 sententias,
1597 1171 1767 1276 piriadusf,
1787 1195 1923 1282 paginas

530 1298 771 1372 nonnumquam
788 1279 928 1363 integras
950 1269 1039 1343 modo
1065 1275 1256 1368 interpolat,
1294 1271 1383 1344 modo
1406 1275 1493 1371 quod
1513 1279 1601 1370 longe
1617 1287 1753 1370 grauius
1772 1281 1920 1376 efi,·.·esa'-

528 1383 664 1478 pungit,
689 1395 725 1442 uc
752 1369 874 1461 resecat.
923 1371 1054 1442 Librum
1078 1392 1159 1440 certe
1182 1371 1333 1444 decimum
1353 1381 1503 1469 quintum
1526 1401 1565 1446 ne
1586 1383 1693 1470 attigit
1714 1377 1850 1474 quidem,
1881 1385 2005 1488 Idm

534 1475 623 1574 quui
643 1478 725 1541 uiris
754 1474 847 1538 etiam
873 1466 1057 1564 doliitfimis
1072 1467 1195 1560 fraudi
1209 1469 1310 1568 sitit,
1332 1480 1388 1566 qu'i
1407 1497 1476 1544 cum
1497 1473 1626 1568 Euselii
1655 1479 1762 1546 Grata
1788 1501 1851 1546 non
1875 1480 1935 1550 iet·

530 1571 655 1672 gisseni,
672 1568 857 1665 poslremum
881 1568 964 1638 tunc
987 1569 1103 1639 librum
1134 1565 1257 1666 perieffe
1277 1567 1484 1642 erediderunt.
1565 1571 1744 1668 Ostenderat
1768 1577 1920 1670 Gryneus

535 1670 667 1772 quidam
688 1671 797 1754 homo,
823 1687 862 1736 ut
884 1671 996 1764 ajunt,
1022 1669 1182 1738 hereticus
1204 1667 1341 1760 uuellest
1369 1689 1436 1741 tam
1462 1677 1636 1744 inveterato
1665 1673 1767 1743 morbo
1793 1673 1918 1746 medici·

533 1797 582 1844 ne
605 1763 731 1866 aliquid
741 1765 872 1858 fatere:
886 1763 951 1857 sed
968 1763 1097 1858 ofletrdit
1114 1791 1148 1836 re
1172 1763 1236 1860 ipsa
1261 1787 1412 1856 tontum,
1440 1775 1549 1866 quippe
1572 1776 1630 1865 qui
1653 1772 1762 1858 labes,
1792 1773 1917 1844 hiatus-

535 1895 596 1968 que
609 1867 905 1958 nonnullotpurtt'm
917 1861 1086 1934 dumtaxat
1104 1889 1141 1934 ue
1151 1865 1232 1962 sape
1251 1873 1343 1936 nouis
1362 1867 1518 1939 erroribus
1544 1870 1731 1964 impleverit.
1877 1869 1907 1880 ”
1940 1895 1948 1908 ·

695 2073 732 2148 7.
782 2052 835 2124 De
863 2049 1021 2126 verfione
1051 2050 1190 2145 Historia
1204 2051 1389 2144 sititianum
1404 2057 1570 2142 Barlaam,
1593 2053 1632 2132 ὅ
1650 2055 1821 2152 Josapln‘at,
1861 2083 1916 2136 uae

535 2149 690 2252 Georgia
712 2157 783 2226 ‘Tra
809 2149 951 2225 ezuntio
976 2147 1156 2235 tribuitur,
1185 2149 1349 2252 editaque
1371 2153 1422 2228 est
1448 2153 1526 2251 post
1552 2176 1655 2252 opera
1675 2156 1821 2254 Joannis
1835 2083 1915 2232 ita·

531 2248 699 2338 masceni,
722 2252 766 2324 Bu
783 2253 857 2324 rleae
882 2273 977 2324 anno
1006 2255 1113 2342 1548.
1138 2244 1198 2323 fot.
1220 2273 1263 2324 ex
1289 2249 1426 2325 officina
1452 2248 1595 2326 Hernici
1622 2250 1723 2335 Petri,
1751 2252 1914 2330 necuit-

532 2350 617 2426 lius:
672 2353 717 2420 De
746 2341 956 2444 Ti‘apezumtii
982 2347 1118 2440 uerſsoue
1145 2351 1231 2418 nihil
1252 2348 1343 2418 aliud
1365 2354 1484 2438 alicam,
1512 2351 1571 2444 niſs
1590 2376 1657 2422 eam
1682 2355 1762 2424 mibi
1786 2354 1912 2452 quidem

533 2471 626 2522 antea
644 2450 760 2545 suuper
785 2447 879 2518 valde
903 2446 1029 2532 rudem,
1052 2443 1089 2520 (Ἰ
1114 2450 1286 2542 impolitam
1312 2447 1411 2539 visum
1428 2445 1535 2544 fuiffe.
1583 2449 1653 2544 Post
1675 2469 1779 2522 ornem
1792 2455 1911 2548 ulipee

536 2550 694 2642 Jounnem
719 2575 738 2617 a
762 2549 796 2618 S.
824 2543 952 2616 Andrea
975 2553 1103 2630 uirum,
1137 2567 1175 2613 ut
1199 2555 1367 2641 optimum,
1395 2546 1433 2624 δ’
1453 2545 1669 2642 dotir'simum,
1695 2557 1743 2620 ita
1769 2557 1864 2620 etism
1879 2575 1913 2622 o·

527 2656 723 2744 ptimorum,
762 2645 798 2720 ὕ
823 2642 1065 2736 doliissmorum
1098 2645 1248 2713 librorum
1277 2653 1361 2738 copia
1394 2643 1685 2740 sufisuuufimum,
1727 2651 1912 2742 exemploru

534 2747 637 2818 Gratti
660 2751 746 2838 topia
761 2740 858 2833 fufio
882 2741 945 2837 ess,
971 2749 1145 2812 innumeris
1171 2751 1266 2810 etiam
1291 2743 1365 2809 locis
1386 2741 1550 2834 vitiosam:
1599 2744 1686 2836 quod
1714 2745 1840 2839 quidem
1860 2749 1910 2816 lu·

531 2845 654 2912 lentius
675 2863 754 2911 certe
772 2848 876 2910 nimiu
892 2839 1108 2936 festinationi,
1134 2865 1229 2937 quam
1259 2842 1358 2910 Grati
1374 2838 1531 2932 sermonis
1560 2849 1748 2932 ignorationi
1772 2843 1910 2916 tribuen-

530 2940 607 3012 dum
630 2960 800 3033 putarem,
832 2939 891 3032 nist
920 2947 1017 3008 ninus
1044 2941 1147 3010 mrelta
1172 2939 1239 3008 lota
1262 2933 1379 3032 esent,
1412 2946 1446 3008 iu
1473 2943 1586 3036 quibus
1611 2947 1671 3012 vix
1692 2939 1910 3036 festinationis

529 3039 736 3130 excusatione,
757 3037 884 3132 inscitia
904 3061 1010 3108 notam
1031 3045 1183 3131 interpres
1200 3035 1355 3132 deprecari
1379 3058 1482 3132 queat.
1535 3037 1617 3131 Qua
1641 3066 1691 3111 res
1706 3036 1911 3138 fitspitiouem

530 3141 608 3210 mihi
633 3139 818 3208 uororsullam
842 3143 984 3234 injiceret
1012 3141 1262 3232 Trapezuntiurn
1274 3131 1404 3234 sortasse
1429 3137 1579 3206 verdunis
1600 3138 1727 3230 hujusce
1770 3161 1909 3210 artuum

529 3262 592 3308 uon
617 3233 687 3333 ese,
711 3239 771 3330 nos
792 3247 825 3307 in
853 3236 1039 3332 quibusdam
1056 3244 1150 3306 etiam
1167 3237 1242 3306 aliis
1263 3259 1333 3304 eum
1358 3238 1467 3306 Grata
1485 3235 1616 3332 persepe
1648 3263 1710 3308 mou
1725 3159 1811 3327 dtis
1838 3235 1909 3334 ase-

530 3359 636 3407 cutum
666 3333 718 3430 ese
752 3333 959 3431 comperissem.
1010 3337 1192 3430 Utrumque
1221 3359 1273 3403 res
1293 3330 1332 3424 se
1357 3333 1492 3422 habeat,
1533 3357 1649 3406 remeant
1681 3331 1909 3406 tradui'lt'omem

528 3435 638 3522 hales,
653 3439 687 3528 ſs
711 3439 796 3507 nihil
818 3433 923 3520 uliud,
944 3432 1129 3530 procedenti
1146 3429 1305 3538 pruseflo,
1343 3433 1403 3524 nifi
1416 3429 1653 3604 [αΙΙοῃὸααΙο
1677 3436 1856 3522 clariorem,
1871 3431 1910 3508 ὅ

527 3534 734 3630 illustriorem.
779 3531 849 3610 Sed
873 3556 950 3607 eam
976 3525 1207 3640 'l‘rapezuutit
1234 3553 1309 3604 non
1333 3525 1400 3604 effe
1417 3529 1540 3630 apertis
1571 3553 1630 3608 me
1652 3527 1804 3610 ostendit
1838 3537 1910 3604 He·

528 3629 676 3706 ribertus
700 3630 890 3708 Rosveidus
921 3628 968 3704 de
995 3630 1077 3706 vitu
1105 3633 1244 3704 Puteum
1270 3627 1329 3704 lib.
1361 3651 1393 3706 1.
1421 3625 1460 3701 in
1483 3631 1598 3706 Notis.
1652 3633 1756 3702 Extu
1783 3631 1820 3706 ὅ
1844 3633 1909 3702 alia

527 3737 663 3825 antiqua
685 3729 801 3822 verso,
819 3757 914 3824 quam
938 3734 1051 3801 volunt
1077 3725 1129 3826 effe
1149 3751 1349 3826 procuratam
1374 3755 1393 3796 a
1414 3728 1543 3821 Georgia
1560 3722 1793 3826 Trapezuntio,
1819 3735 1909 3826 cujus

529 3837 653 3898 momine
677 3826 781 3896 editur
799 3835 834 3896 in
852 3827 986 3894 editione
1011 3827 1195 3916 Damaseeue'
1212 3849 1295 3892 artua
1313 3827 1364 3898 cb
1377 3827 1408 3898 la
1422 3850 1544 3902 nuvtn.
1573 3829 1698 3920 Baſsleu
1718 3855 1759 3899 ex
1781 3826 1908 3922 officina

529 3927 661 3994 Henrici
679 3928 776 3998 Petri.
825 3925 915 3994 Mihi
925 3923 1054 3992 videtur
1065 3943 1159 3993 vetus
1171 3925 1359 4010 translatio,
1387 3927 1485 3994 multo
1500 3935 1660 4024 antiquior
1677 3919 1906 4024 Trapezuntio.

527 4025 621 4093 Nam
634 4027 797 4093 invenitur
816 4049 852 4093 ea
872 4031 906 4090 in
920 4023 1137 4118 neonuseriptis
1155 4025 1415 4110 membranaceis,
1445 4021 1482 4098 θ’
1489 4031 1562 4122 jam
1575 4048 1648 4095 aute
1662 4051 1760 4097 annos
1772 4047 1857 4100 ccc,
1870 4050 1908 4093 ea

524 4123 733 4191 trureslatione
746 4121 872 4216 usttsefl
893 4119 1076 4194 Vincentius
1094 4129 1128 4190 in
1134 4122 1258 4214 speculo
1277 4121 1441 4216 Htfloriali
1448 4125 1549 4220 supra
1572 4133 1678 4197 citato.
1724 4122 1770 4218 b)
1825 4111 1906 4196 Tra·

517 4227 694 4318 pearsonius
708 4247 783 4292 uera
798 4225 931 4292 Parrum
945 4229 1091 4292 memoria
1102 4227 1190 4290 uixit
1204 4217 1342 4290 reuredum
1355 4245 1413 4296 cn.
1427 4233 1520 4296 annis
1534 4225 1649 4320 elapss.

1265 4383 1364 4459 Rrrr
1398 4405 1419 4478 3
1761 4395 1796 4470 8·
1821 4387 1906 4456 Rhe·

570 4577 597 4629 ·i
615 4577 666 4637 lib.
685 4579 746 4644 XV,
759 4599 820 4658 cap.
835 4573 890 4658 64.
932 4579 1022 4638 Etiam
1037 4578 1132 4638 tenus
1145 4574 1181 4636 le
1194 4577 1343 4638 Naulibus
1354 4577 1409 4645 lib.
1420 4579 1454 4643 Χ.
1472 4599 1497 4638 e.
1516 4590 1588 4652 114.
1602 4586 1630 4638 δι
1644 4576 1765 4656 Jaeabur
1778 4577 1813 4634 te
1825 4578 1905 4633 Vira-

604 4663 1040 4818 uunnetn:
1050 4683 1083 4829 s
1094 4673 1174 4830 n:
1214 4665 1323 4728 ‘e
1339 4685 1403 4748 ψ’
1532 4663 1735 4744 veer-
1747 4679 1776 4740 ²·
1784 4663 1818 4732 ⁸¹
1826 4673 1856 4738 ⁷·
1876 4665 1905 4719 ⁸
