4892 5667
1056 867 1396 950 senonicus.
1855 893 1924 984 ⁶41

527 1021 592 1124 qui
620 1020 856 1096 nihilominus
881 1019 932 1096 est
957 1015 1408 1121 Damascene-antiquior,
1447 1045 1530 1097 eum
1556 1022 1598 1099 ab
1621 1047 1664 1100 eo
1688 1030 1782 1106 Orat.
1812 1051 1847 1124 3.
1881 1029 1926 1108 de

527 1119 747 1222 Imaginibus
770 1116 1060 1228 randena-sane
1081 1117 1260 1290 Georqius,
1276 1129 1357 1193 ante
1383 1119 1609 1230 Damaseeni,
1635 1149 1718 1200 cuin
1744 1127 1850 1204 etiam
1863 1155 1924 1208 an.

524 1233 562 1296 te
585 1223 733 1322 Joannis
755 1216 972 1296 Antiocheni
993 1227 1153 1316 tempora
1194 1228 1355 1316 nitergo
1380 1239 1456 1290 non
1484 1221 1580 1307 alius,
1596 1245 1704 1330 quam
1728 1229 1922 1322 Syncellug

527 1345 613 1394 cuin
661 1319 719 1404 ille
760 1315 938 1416 antiquior
981 1311 1055 1414 ipso
1081 1317 1321 1403 Hamartolo,
1370 1315 1502 1390 &aliis
1529 1313 1652 1394 ¹fuerit.
1724 1323 1921 1404 Sedenim

527 1416 570 1491 in
592 1413 646 1489 his
670 1412 795 1490 insulse
823 1471 833 1502 ,
872 1411 1178 1516 quemadmodum
1203 1421 1238 1488 bi
1263 1411 1302 1488 in
1332 1409 1509 1514 plerisque
1535 1411 1606 1488 aliis
1633 1419 1766 1493 Tzetza
1786 1437 1921 1522 arguta·

529 1527 597 1588 tur.
646 1515 740 1586 Nam
763 1509 791 1584 si
814 1537 896 1588 veru
915 1511 987 1622 ipse
1005 1509 1238 1610 pronunciat,
1264 1509 1363 1612 quod
1377 1509 1448 1610 ipse
1468 1511 1678 1616 neutiquam
1701 1515 1919 1612 crediderim,

532 1609 618 1686 alius
648 1610 712 1687 erit
736 1609 795 1687 hic
816 1615 1030 1688 Tzetzianus
1057 1608 1356 1712 Chronographus
1382 1635 1401 1682 a
1427 1615 1602 1706 Syncello.
1649 1617 1694 1689 Et
1722 1613 1796 1692 vini
1818 1644 1853 1693 ar
1881 1645 1919 1694 u·

529 1709 644 1787 menti
664 1734 730 1786 nec
756 1713 889 1785 Tzetza
913 1707 1011 1816 ipse,
1036 1733 1104 1782 nec
1128 1707 1214 1782 alius
1237 1733 1288 1816 eo¹
1305 1705 1459 1816 acutior,
1490 1725 1549 1785 aut
1577 1710 1806 1814 turbulentior
1829 1643 1884 1793 ed
1906 1759 1919 1777 ·

558 1809 614 1884 iet.
665 1813 842 1911 Joannem
870 1807 1161 1895 Antiochenum,
1187 1823 1228 1881 ut
1253 1807 1428 1893 diximus,
1459 1807 1687 1887 Damascenus
1713 1811 1776 1888 sub
1801 1817 1919 1892 Leone

529 1833 674 1996 findat,
714 1905 772 1982 sed
791 1931 853 2006 per
878 1909 1050 1980 Tzctzam
1072 1903 1317 1980 Antiochensis
1349 1905 1516 2004 pollerioi
1537 1907 1588 1982 est
1616 1909 1916 2014 chronographo,

529 2031 612 2081 cum
637 2005 715 2105 post
736 2030 819 2080 eum
847 2003 1035 2103 scripserit,
1060 2007 1099 2098 y)
1132 2027 1217 2103 ergo
1242 2003 1539 2104 Chronographus
1564 2003 1621 2082 hie
1644 2031 1719 2083 non
1742 2011 1805 2086 erit
1825 2017 1914 2107 Syn·

530 2110 637 2179 cellas
660 2101 790 2177 'l‘arasii
813 2101 1039 2186 l’atriarchae,
1085 2102 1147 2214 qui
1174 2102 1253 2202 post
1276 2101 1528 2178 Damascenum
1552 2129 1660 2180 annos
1686 2107 1757 2183 scie
1782 2109 1915 2210 septua-

530 2203 628 2302 ginta
653 2202 815 2276 scribebat
840 2199 903 2275 sub
925 2199 1158 2276 Constantino
1181 2211 1215 2276 bi
1241 2202 1349 2309 liene.
1429 2205 1522 2300 Ergo
1548 2217 1720 2376 qpantum
1747 2207 1804 2282 hic
1827 2214 1915 2304 Syn-

531 2305 637 2376 celliis
664 2309 799 2400 joanne
822 2297 1067 2386 Antiocheno,
1093 2307 1127 2374 ὃ(
1154 2301 1309 2398 Georgio
1333 2298 1563 2400 Chronograp
1591 2328 1630 2388 o,
1653 2305 1715 2405 qui
1740 2324 1821 2382 ante
1839 2316 1915 2384 An·

529 2399 734 2474 tiochennm
756 2396 945 2484 scribebat,
971 2394 1140 2472 distabit?
1173 2398 1443 2498 Chronographi
1470 2413 1589 2474 tamen
1613 2426 1748 2478 nomen
1773 2408 1915 2500 Syncel-

529 2501 563 2571 lo
587 2525 643 2571 ma
673 2497 730 2585 is,
781 2521 891 2598 quam
911 2491 1008 2570 alteri
1032 2509 1239 2594 competet,
1283 2497 1381 2598 quod
1407 2495 1479 2608 ipse
1502 2523 1553 2573 res
1576 2523 1637 2599 per
1656 2525 1765 2576 annos
1790 2503 1913 2580 divisas

505 2523 810 2698 ‘pertradbaverin
836 2591 948 2668 caeteri
970 2589 1045 2666 sine
1065 2593 1137 2666 ulla
1161 2619 1337 2668 annorum
1356 2589 1585 2671 distindtione
1609 2597 1681 2672 illas
1705 2598 1915 2702 prosequan-

527 2710 594 2770 tur.
656 2699 793 2770 Verum
822 2689 860 2765 in
886 2703 981 2764 tanta
1006 2685 1209 2765 Austorum
1235 2687 1440 2765 confusione
1462 2715 1537 2765 non
1561 2689 1685 2768 dubito
1712 2695 1784 2772 ah'is
1809 2697 1915 2775 etiam

528 2796 623 2869 Geor
651 2793 714 2879 iis,
750 2799 783 2863 bi
801 2791 1002 2862 Hamartolo
1025 2787 1203 2888 praecipue
1223 2815 1242 2862 a
1262 2785 1505 2886 scriptoribus,
1532 2788 1692 2890 quinon
1718 2791 1854 2896 fingula
1868 2797 1913 2872 ad

527 2917 610 2966 amu
637 2891 689 2966 'ini
709 2885 933 2975 examinant,
960 2885 1141 2962 tributum.

690 2987 820 3062 XYlV.
866 2987 1099 3062 GEORGlUS
1126 2987 1211 3061 alter
1235 2985 1532 3076 MONACHUS,
1581 2987 1644 3090 qui
1666 2990 1797 3091 gaudet
1831 2995 1914 3072 HA·

528 3087 788 3162 MARTOLUS
802 3141 812 3172 ,
835 3087 992 3159 Peccator
1015 3084 1135 3160 Latine
1160 3081 1313 3172 diceres,
1340 3081 1452 3158 insui
1480 3097 1724 3188 contemptum
1759 3116 1768 3164 :
1815 3093 1913 3194 quod

530 3187 636 3258 etiam
650 3183 808 3283 plerique
821 3180 900 3264 alii,
927 3182 986 3258 scd
999 3183 1238 3282 Theophanes
1252 3181 1403 3276 Syncelli
1417 3184 1636 3261 continuator
1651 3245 1660 3276 ,
1691 3187 1911 3286 potissimum

530 3280 570 3354 in
584 3281 807 3380 inscriptione
819 3281 955 3379 operis,
979 3291 1014 3356 bi
1026 3307 1069 3356 ex
1082 3281 1210 3357 Latinis
1223 3279 1329 3356 etiam
1342 3282 1444 3357 multi
1457 3282 1736 3376 consueverunt,
1763 3293 1912 3389 appella·
1939 3301 1944 3308 '

528 3379 568 3452 ri.
621 3378 952 3480 Chroniconuipse
970 3377 1099 3479 scripsit
1120 3379 1162 3454 ab
1182 3378 1328 3455 exordio
1348 3378 1476 3455 mundi
1497 3381 1541 3455 ad
1563 3381 1771 3459 Michaelem
1792 3387 1912 3462 Theo·

529 3479 616 3580 phili
631 3479 768 3569 hlium,
795 3485 832 3568 z)
858 3479 1001 3580 quando
1013 3477 1085 3578 ipse
1099 3477 1207 3554 vitam
1222 3478 1362 3580 agebat,
1390 3503 1434 3554 ex
1446 3477 1573 3568 variis,
1596 3481 1787 3559 &diversis
1802 3485 1912 3560 Chro-

531 3604 642 3678 nogra
669 3577 747 3668 his,
776 3588 810 3655 ἃ
830 3577 1075 3676 Interpretibus
1094 3577 1191 3653 sacris
1214 3591 1444 3685 contextum;
1491 3579 1638 3688 Historia¹
1665 3579 1811 3689 quidem
1838 3609 1912 3660 non

530 3605 726 3750 admodum
739 3679 971 3776 opulentum,
997 3675 1057 3752 sed
1084 3678 1127 3753 ad
1148 3675 1317 3750 firmanda
1334 3673 1416 3749 fidei
1437 3690 1571 3775 capita,
1605 3677 1910 3774 dissertationibus,

530 3771 777 3851 &sanctorum
791 3777 929 3850 Patrum
954 3771 1215 3852 auctoritatibus
1241 3773 1514 3872 longiusculum.
1581 3780 1745 3878 Pleraque
1771 3776 1849 3855 sunt
1875 3782 1912 3858 in

1308 3873 1441 3973 Gaas
1859 3907 1913 3972 eo,

574 4039 591 4078 u
627 4013 1915 4096 ÷³ieripotestuthetzesnequideuiiolueritiempus‚qquoannesAntiocheamsirir‚Ge.

594 4091 596 4095 Α
617 4099 1146 4186 oigioCbrooieoposseiiusinnucre‚
1167 4098 1470 4180 sedraorumquiapost
1485 4122 1600 4162 ceteros
1617 4107 1821 4164 Antiochenam
1837 4123 1916 4167 corin·

619 4213 777 4258 memorat,
799 4192 863 4250 ideo
876 4183 944 4268 pct'i’
959 4179 1054 4265 dudda
1072 4179 1187 4270 ὐςὲξως
1202 4211 1431 4254 eumuominare.
1474 4196 1548 4252 Nam
1561 4198 1915 4258 ital'luiarehusabeolau·

616 4288 695 4346 datur
704 4305 762 4364 pou
772 4287 1100 4370 [quianumdtGalenum
1110 4284 1454 4361 licerutroqueautiquior
1464 4283 1505 4344 ,u
1518 4288 1655 4346 Diodorus
1665 4293 1724 4366 post
1734 4291 1917 4354 l'luiarchum,

618 4393 679 4430 cuin
689 4373 735 4428 diu
744 4389 806 4426 ante
816 4371 922 4430 vixerit.
949 4373 1087 4429 Ceterum
1095 4371 1248 4451 Georgium
1259 4369 1430 4424 chronicum
1441 4373 1567 4434 Tecrzae,
1580 4375 1774 4432 Hainartoluiii
1783 4377 1877 4453 potius
1887 4377 1917 4429 ti.

619 4479 698 4536 gain
709 4455 778 4511 inihi
788 4454 936 4530 persuadeo
944 4477 1025 4531 quam
1034 4453 1208 4532 syncellum
1222 4451 1456 4532 quemadmodum
1467 4461 1606 4538 Georgius
1617 4460 1769 4518 Monachus
1777 4463 1849 4516 inter
1858 4457 1917 4514 scri-

621 4535 681 4620 ptor
689 4561 725 4598 es.
738 4559 820 4618 equo
828 4558 955 4615 excerpta
965 4539 1140 4604 Peireseiana,
1149 4539 1308 4594 nominatus
1317 4557 1380 4593 cuni
1390 4545 1493 4607 joanne
1504 4541 1689 4614 Antiocheno,
1698 4544 1793 4602 itidem
1802 4543 1921 4600 Hamae·

621 4629 704 4690 rolus,
716 4626 765 4682 esi,
776 4625 809 4679 dr
818 4644 876 4702 quo
885 4625 974 4682 videti
983 4625 1141 4702 placetquae
1150 4623 1205 4678 dixi
1217 4623 1327 4686 volum,
1339 4625 1385 4684 vi.
1394 4640 1421 4700 p.
1432 4635 1502 4704 154.
1512 4624 1567 4704 seq.

584 4711 614 4786 κ)
637 4701 1264 4788 Hicimperiopraefuitabh.C.841.ad867.
