4892 5667
869 895 1312 980 HAMARTOLUS.
1414 995 1416 1000 Ι
1722 907 1797 1005 647

498 1071 545 1133 nr,
574 1051 752 1142 artiumque
771 1062 825 1138 ope
840 1041 946 1114 adiuti
961 1099 972 1132 ,
992 1067 1056 1116 non
1072 1067 1112 1112 ex
1126 1047 1270 1132 Grecos,
1297 1045 1517 1142 ueteribusque
1528 1041 1634 1140 solrem
1647 1050 1794 1150 historiis,

498 1169 520 1212 x
540 1151 762 1229 recentiorum,
782 1165 837 1211 nec
854 1149 988 1213 messoris
1005 1139 1269 1235 aflimandorum,
1291 1143 1446 1238 planeque
1466 1143 1659 1218 cordatorum
1672 1151 1793 1224 Anisa.

498 1246 740 1326 commentariis,
767 1242 953 1329 annalibus,
978 1238 1134 1336 historiis,
1158 1237 1793 1336 doeirinisqueenimo'proficuisaecuraee

498 1345 664 1423 suisium,
680 1335 917 1434 studiorumque
928 1337 1097 1434 nostrorum
1107 1337 1233 1410 modulo
1242 1343 1343 1437 juxta
1358 1339 1419 1407 Dei
1432 1329 1592 1426 timorem,¹
1613 1347 1792 1420 annalium.

498 1434 587 1521 ³dem,
611 1439 692 1502 heroic
708 1437 964 1532 qualemcumque
974 1443 1121 1528 exiguum
1120 1435 1221 1530 seton,
1246 1435 1551 1530 &contemptibilem
1567 1437 1713 1511 libellum
1735 1471 1795 1516 ex-

498 1538 579 1610 mus.
633 1535 743 1627 Iraque
751 1540 860 1627 paucis
872 1559 912 1603 ex
923 1535 1050 1622 multis,
1070 1559 1139 1630 qua
1151 1537 1247 1608 utilia
1265 1533 1317 1634 ese
1331 1531 1467 1633 posunt,
1485 1533 1630 1628 seleflis,
1655 1535 1694 1614 ὅ
1705 1543 1791 1616 labo.

498 1631 663 1726 disproficis,
689 1632 828 1718 rendam,
849 1641 1240 1728 apertamqueveritatem,
1260 1633 1602 1724 artenullasiecotam,
1617 1633 1788 1736 necesaria,

498 1731 550 1800 iiia
562 1750 687 1799 tanturn
701 1749 904 1800 consciscentem
907 1729 1112 1823 summatim,
1137 1739 1347 1821 utarbitrar,
1373 1727 1411 1806 ὅ
1431 1752 1551 1830 quanta
1571 1731 1650 1825 fieri
1670 1737 1788 1834 perspi·

498 1827 638 1924 tepotess,
664 1821 835 1922 efferimus.
882 1829 1042 1926 Siquidem
1048 1830 1174 1927 praesim
1182 1858 1260 1903 vera
1273 1833 1333 1903 vel
1337 1830 1533 1901 balbieticndo
1548 1829 1664 1921 dicere,
1691 1861 1787 1930 quarn

498 1952 568 1998 nem
580 1923 742 2016 referendo
753 1927 910 2018 infigeriter
923 1935 1060 2000 mentiri.
1112 1933 1230 2026 Neque
1235 1929 1387 2025 fluentem
1403 1984 1412 2016 ,
1437 1931 1561 2026 lateque
1573 1955 1739 2024 uagantem
1753 1960 1785 2005 o·

498 2029 556 2096 cem
568 2024 781 2108 admiramur,
795 2023 859 2116 sed
869 2049 935 2121 qua
948 2030 1049 2096 multa
1063 2029 1152 2098 brevi
1163 2030 1329 2099 uerborum
1341 2029 1459 2098 ambitu
1473 2028 1700 2122 compleHitur,
1717 2057 1785 2104 con·
1797 2063 1867 2140 333

498 2119 760 2222 squenecessaria,
783 2125 937 2220 utiliaque
957 2127 1089 2195 ubertim
1102 2123 1345 2223 suppeditando,
1369 2125 1407 2194 ab
1424 2125 1567 2213 invidia,
1589 2124 1722 2202 &asserii
1736 2132 1785 2224 af-

506 2222 592 2320 opud
599 2221 733 2317 posteros
746 2222 861 2310 libero,
888 2226 985 2293 multo
998 2227 1130 2295 alacrior
1144 2226 1200 2322 est,
1228 2225 1266 2302 (ὅ
1276 2223 1427 2297 uiuidior.
1472 2227 1622 2294 Praeerca
1644 2237 1699 2322 qni
1713 2250 1785 2299 tarc-

498 2329 605 2418 speriti
619 2318 802 2406 admodum,
829 2327 996 2418 optimique
1004 2321 1162 2417 spiritalia
1169 2331 1268 2422 juxta
1272 2325 1423 2420 spiritum
1444 2329 1706 2416 interpretantur,
1729 2355 1783 2398 ex·

498 2439 568 2509 ont,
589 2440 683 2514 atque
695 2422 872 2514 explorant,
890 2417 1049 2511 sermones
1061 2421 1100 2492 de
1112 2422 1234 2492 divinis
1250 2426 1341 2493 rebces
1354 2444 1414 2489 non
1430 2429 1594 2517 requirunt
1608 2424 1646 2490 ab
1656 2424 1782 2521 illustri,

498 2537 544 2606 to,
562 2521 783 2612 turbinataque
802 2513 953 2605 dimisae,
978 2518 1144 2615 artificiosa
1158 2547 1220 2591 corn
1241 2529 1387 2608 actione,
1411 2521 1584 2617 elegantiqu
1641 2529 1782 2592 uiarum

498 2623 575 2705 irtio,
598 2617 711 2714 quibus
722 2619 898 2684 vehementi
912 2616 1036 2686 dicendi
1046 2625 1101 2705 ui,
1128 2543 1239 2688 callid
1245 2621 1296 2712 issi
1303 2673 1313 2705 ‚
1320 2615 1539 2713 facundiaque
1548 2639 1588 2712 pr
1634 2641 1733 2701 antes,
1744 2642 1782 2690 ut

498 2725 667 2801 oincaute,
693 2713 915 2808 oscitanterque
921 2734 1136 2810 percurrentes
1149 2715 1284 2801 fallant,
1308 2713 1353 2783 ad
1364 2711 1557 2782 mendacium
1571 2717 1784 2788 occisitandum

497 2839 602 2886 umero
615 2815 808 2885 obteruntur:
823 2811 934 2902 sedab
948 2838 1003 2900 ea,
1030 2818 1119 2910 cujus
1132 2812 1173 2908 ²ss
1185 2813 1342 2910 conspicua
1362 2817 1508 2896 veritas,
1535 2813 1654 2902 tametfi
1673 2815 1783 2886 barba·

498 2937 525 2986 tc
528 2910 710 3007 soloecismis
721 2913 818 3006 pleno
827 2909 883 3002 fit.
933 2913 1039 2980 Habes
1056 2920 1165 3008 itaque
1178 2917 1324 3009 quisquis
1343 2913 1404 2980 hac
1415 2908 1529 3000 concisa
1543 2915 1670 2979 minime
1683 2923 1782 2984 carria-

498 3005 819 3101 easaetenatone,
841 3033 877 3078 ac
886 3007 1018 3096 fallacia
1032 3013 1176 3098 alienus,
1190 3007 1351 3102 fideliter,
1365 3004 1616 3105 prudenterque,
1630 3005 1668 3085 ὅ
1680 3017 1782 3083 iruu-

509 3111 665 3206 perdegis,
695 3109 852 3179 Idolorum
871 3115 1084 3198 inventionem,
1102 3109 1309 3204 fomentaque
1329 3131 1433 3179 eorum
1458 3106 1571 3178 callide
1599 3119 1780 3201 excogitata,

498 3209 582 3280 wem
596 3211 684 3280 Philo
699 3210 844 3303 ephorum
856 3205 1077 3295 deliramento,
1101 3208 1253 3296 fabellas,
1279 3210 1541 3300 ceremoniasque,
1570 3203 1780 3298 dsscendesin·

500 3305 765 3403 ,acpostentosas
776 3311 948 3400 opiniones,
974 3305 1168 3398 diversarum
1180 3314 1322 3398 gentium
1335 3307 1496 3402 insiituta,
1517 3307 1653 3375 Deorum
1673 3310 1780 3377 multi-

498 3424 585 3494 ctem,
610 3411 666 3478 vel
675 3427 712 3476 ut
723 3412 832 3476 verius
843 3403 960 3491 dicam,
976 3413 1182 3499 impietatem,
1190 3405 1428 3501 sententiasque
1433 3401 1609 3497 perversas.
1662 3407 1779 3494 Habes,

498 3507 547 3597 'ege
556 3504 711 3599 solitaria
729 3513 805 3574 vita
823 3512 943 3597 coeperit
962 3505 1132 3599 irssiitnti03
1157 3529 1225 3600 qna
1241 3503 1351 3574 deinde
1366 3531 1405 3573 ex
1422 3502 1533 3596 Cisrr'fli
1553 3511 1622 3572 uita
1641 3513 1780 3573 amnium

498 3629 533 3675 o.
558 3630 593 3675 oc
605 3603 749 3675 doHrina
762 3609 965 3690 eminentior,
992 3603 1158 3698 illustrior,
1181 3605 1374 3700 ampliorque
1387 3602 1483 3672 multo
1497 3597 1604 3696 effusio
1618 3601 1667 3697 esi.
1718 3606 1782 3670 His

514 3727 557 3772 ·--.1c
565 3711 662 3788 unius
670 3709 794 3796 generis
804 3728 945 3789 arereexa,
970 3727 1034 3798 qua
1044 3701 1238 3772 cordatorum
1251 3711 1393 3771 virorum
1406 3758 1417 3791 ,
1432 3698 1780 3794 reetequesentientium

498 3801 763 3895 ¹sficlutarr‘afint,
815 3801 925 3870 Habes
929 3820 1080 3894 praterea
1094 3856 1105 3888 ,
1130 3821 1168 3869 nt
1186 3808 1354 3887 immanis,
1380 3806 1493 3891 impia,
1508 3799 1780 3892 detesiabilir‚sal·

499 3905 775 3973 eManichaorum
789 3903 890 3970 rabies
907 3919 1034 3986 exorta,
1056 3919 1095 3968 ut
1110 3925 1149 3969 esc
1161 3926 1212 3987 ea,
1244 3921 1394 3996 tanquam
1408 3923 1447 3967 ex
1467 3891 1577 3965 rabida
1595 3922 1669 3967 caree
1681 3897 1778 3988 scele-

498 4025 614 4091 torum,
636 4010 757 4098 otioque
775 3997 945 4093 curpisfime
962 3999 1155 4068 abutentium
1169 3999 1433 4069 iconomachorum
1453 3995 1700 4091 harestssiupida
1721 3999 1778 4067 illa

498 4123 539 4186 ot,
567 4103 802 4196 morborumque
812 4105 949 4168 oorsrcium
957 4098 1206 4192 perniciofiqima
1221 4105 1374 4194 eruperit,
1401 4093 1438 4167 (Ξῖ
1454 4095 1608 4190 quotenus
1624 4093 1755 4192 grassata
1766 4124 1778 4161 .·

498 4199 709 4286 usauflores,
732 4224 785 4268 nec
803 4223 865 4266 non
878 4204 972 4289 paria
983 4195 1182 4289 sentientes,
1208 4193 1442 4287 defensoresque
1456 4194 1494 4260 ab
1517 4197 1694 4264 Orthodoxa
1715 4193 1779 4282 fide

498 4319 523 4364 is
542 4297 666 4388 avulsos
683 4323 748 4368 una
769 4321 836 4366 curn
860 4319 965 4364 eorum
974 4295 1119 4390 scriptis,
1146 4290 1185 4368 ὅ
1202 4294 1393 4363 concionibus
1413 4291 1525 4360 diuina
1532 4293 1657 4387 justitia
1676 4296 1779 4390 qreafi-

498 4401 524 4464 is
534 4393 669 4495 sulsecie
684 4405 794 4492 potoris.
850 4391 1070 4482 Osraudem,
1096 4391 1311 4486 imposturam,
1345 4417 1379 4458 ac
1404 4390 1606 4461 vecordiam!
1634 4413 1689 4489 pro
1715 4419 1779 4489 qua

498 4501 520 4561 :5
546 4498 669 4587 r'grnbus
695 4501 805 4566 merito
826 4492 938 4564 traditi
958 4489 1044 4579 sunt.
1093 4489 1288 4561 irridendam
1314 4490 1435 4584 insuper
1452 4490 1600 4584 ssccltam,
1628 4519 1663 4561 ac
1682 4492 1779 4580 scele-

551 4597 770 4668 S'aracenornm
794 4589 1049 4688 persuasionem,
1085 4589 1316 4686 belluinurnque
1341 4591 1473 4660 vivendi
1498 4591 1646 4677 modurn,
1687 4586 1724 4662 (5
1741 4608 1778 4654 ut

536 4692 645 4787 ,etism
687 4693 880 4789 Propheta,
934 4695 1135 4788 gentiumque
1197 4687 1339 4782 scdoHor
1394 4687 1568 4764 dottrnnsm
1614 4705 1778 4854 perpqqqm
