4892 5667
890 830 970 932 *Β
992 829 1029 932 )(
1052 852 1080 912 0
1104 829 1143 930 l<
1164 828 1244 930 ”e

382 971 976 1148 tegrinse&lide.1ua
993 1037 1018 1116 ‚2
1051 972 1379 1139 prudenti&
1397 973 1616 1104 asluob
1634 979 1770 1104 leni-

383 1189 494 1280 tate
534 1148 857 1320 placidaque
891 1143 1194 1280 constantia
1236 1187 1300 1272 ac
1340 1148 1602 1280 comitate
1638 1153 1765 1274 To·

382 1363 500 1452 tam
517 1324 653 1450 Tibi
670 1316 910 1446 devincis
926 1317 1231 1444 Civitatem
1244 1407 1269 1466 ,.
1302 1320 1374 1444 stc
1394 1321 1532 1448 inter
1551 1362 1647 1445 eos
1667 1323 1765 1488 qui

381 1495 880 1659 lbrbiisupemntur
909 1490 1346 1626 nemoinillasrt
1373 1492 1613 1659 quinon
1642 1533 1763 1618 me·
1825 1531 1828 1542 ·

382 1661 1000 1798 mineritmaximorum
1019 1698 1261 1792 tuorum¹
1274 1666 1349 1798 δι,
1363 1664 1762 1828 pulcherrimo·

377 1843 505 1966 rum
540 1838 599 1994 in
637 1833 847 1962 Schola
878 1835 1106 1998 publica
1143 1833 1403 1962 doctores
1443 1831 1764 1962 hebenum

377 2049 544 2157 tunt,
583 2049 755 2134 nemo
772 2008 871 2174 qui
884 2010 1010 2132 inde
1028 2007 1162 2174 Tibi
1181 2048 1298 2142 nun
1319 2010 1456 2132 bene
1475 2043 1726 2171 precetur
1735 2025 1760 2152 ·’«·,

378 2183 442 2304 δι
471 2181 569 2346 qui
595 2183 687 2304 ‘se
704 2221 877 2348 quarn
905 2177 1212 2316 diutissrne
1227 2182 1389 2316 rebus
1420 2179 1606 2342 vigere·
1633 2178 1761 2308 latis

377 2393 445 2478 ac
462 2352 722 2520 prosperis
748 2392 868 2476 non
894 2361 1099 2516 cupiat,
1182 2350 1501 2515 Singillatim
1531 2393 1623 2476 me
1651 2353 1757 2476 ob=
1829 2379 1832 2384 ’

373 2523 625 2666 strinxisti
660 2524 791 2646 Tibi
829 2565 1004 2690 nuper
1037 2563 1188 2660 nexu
1221 2565 1379 2650 novo
1422 2521 1758 2670 arslissrmm

375 2739 524 2834 cutu.
537 2693 893 2844 bonellislrmi
911 2696 1322 2822 -auslora'menti
1346 2787 1390 2840 ,,.
1427 2697 1588 2862 quod
1619 2698 1757 2816 Anu
1820 2769 1823 2776 -
1931 2737 1934 2742 ·

378 2857 744 3028 plissimorum
795 2897 1117 2984 rntnurr
1162 2891 1331 3028 atque
1371 2883 1758 2989 scnotnru

377 3073 695 3160 curauit
750 3032 1052 3195 benignitas
1115 3032 1406 3160 attribuere
1476 3038 1755 3160 immerito

378 3207 512 3332 mibi
530 3205 594 3330 δ’(
615 3205 1131 3371 insperantidignata
1149 3206 1265 3350 est,
1299 3207 1564 3344 suasorem
1585 3211 1647 3330 ἃ
1667 3208 1753 3330 in-

374 3416 694 3523 centorem,
738 3377 1199 3544 interpretemque
1217 3379 1315 3506 Te
1327 3375 1593 3545 praebuisti
1613 3381 1754 3502 adeo

373 3554 648 3678 faventem
668 3593 732 3674 ac
753 3553 1122 3694 benevolum,
1183 3588 1513 3718 tantumque
1534 3553 1755 3714 pondus

373 3724 629 3857 addidisti.
653 3723 783 3856 Tua
810 3722 1144 3850 ausloritare·
1157 3727 1229 3850 ad
1257 3726 1388 3850 illud
1417 3720 1755 3848 constituen-

372 3897 507 4022 dum
527 3973 550 4040 ,-
586 3931 662 4022 ut·
678 3895 837 4024 banc
854 3893 1141 4056 insignem
1181 3937 1246 4020 ac
1289 3893 1611 4059 singularem
1654 3898 1755 4022 bo·
1857 3923 1860 3930 ’

371 4067 617 4194 nitatem.
652 4070 845 4192 Tuam
895 4061 1072 4232 veibis
1118 4066 1418 4232 exprimere-
1459 4109 1758 4232 nequeam.-

336 4237 896 4392 .Qrenradnrodum
915 4239 1102 4404 itaque
1129 4240 1228 4364 illis
1257 4239 1517 4390 omnibus
1555 4281 1617 4362 ac
1648 4238 1754 4361 smss

376 4413 511 4568 gulis
543 4451 656 4575 pro·
677 4409 788 4532 hoc
816 4409 1261 4562 noninbniando
1293 4413 1349 4536 in
1378 4451 1470 4538 me
1497 4417 1756 4576 praelata

381 4583 692 4751 uoluntatis=
710 4582 811 4706 suae
848 4581 1166 4706 testimonio
1204 4583 1615 4708 devotissimum
1655 4585 1756 4703 ob·

1027 4751 1172 4916 >sa
1512 4753 1761 4916 sequium
