4892 5667
706 859 782 935 344
1153 838 1216 910 DE
1242 836 1499 911 GENNADIO
1526 833 1657 910 CPOL.
1827 835 1900 910 Lib.
1916 831 2092 937 V.rrrp.43.

698 963 890 1056 Ecclesiam
910 974 1158 1062 controverhs,
1186 1001 1265 1075 qvae
1288 1000 1372 1048 mox
1395 971 1555 1069 synodali
1574 971 1782 1049 definitione
1804 976 1984 1076 explicata
2003 976 2088 1060 suut.

699 1081 831 1154 Earum
845 1100 988 1179 qvoqve
1006 1074 1204 1148 orationum
1216 1073 1351 1148 mentio
1366 1071 1404 1148 fit
1418 1073 1456 1146 in
1469 1071 1644 1182 Apologia
1661 1070 1805 1246 Josephi
1826 1075 2085 1169 Methonensrs;

700 1185 736 1254 δι
747 1203 876 1276 magna
889 1173 977 1247 inter
991 1172 1142 1247 eruditos
1156 1171 1304 1275 qvaestio
1318 1171 1385 1260 est,
1410 1195 1499 1245 num
1520 1169 1565 1246 de
1580 1196 1620 1244 us
1633 1195 1718 1272 qvas
1767 1169 1913 1248 abemus
1929 1187 2082 1276 grace&

700 1277 805 1352 latine
821 1277 859 1348 in
874 1271 1084 1347 Bibliotheca
1104 1275 1261 1359 Patrum,
1284 1279 1317 1346 δι
1331 1269 1370 1344 in
1386 1268 1619 1344 Conciliorum
1634 1268 1941 1362 collectionibus,
1969 1271 2085 1354 intelli·

701 1373 818 1476 genda
831 1371 899 1446 sint
912 1375 1114 1447 Graecorum
1127 1365 1304 1444 Actorum
1316 1366 1431 1444 verba.
1459 1373 1539 1442 Erat
1551 1381 1636 1444 tunc
1649 1369 2032 1468 GeorgiusScholarius
2042 1377 2084 1452 in·

700 1493 752 1551 ter
763 1472 898 1560 Laicos,
918 1469 1114 1643 pudexque
1135 1466 1316 1543 Primarius
1336 1470 1439 1542 Aulae
1463 1466 1721 1568 imperatoriae;
1769 1480 1876 1570 atqve
1896 1469 1992 1550 adeo
2008 1473 2082 1552 nihil

700 1573 833 1651 mirum
872 1597 916 1642 so
964 1568 1002 1642 in
1023 1565 1230 1642 definitione
1243 1564 1407 1662 synodica
1429 1564 1608 1641 scribendo
1627 1591 1703 1641 non
1716 1565 1892 1644 adsuerit:
1921 1597 2011 1648 nam
2033 1573 2081 1650 soli

702 1667 853 1749 Ecclesia
887 1667 930 1743 ici
945 1664 1219 1754 subscribebant,
1247 1675 1337 1741 &ex
1348 1661 1455 1740 Laicis
1468 1677 1592 1764 praeter
1601 1669 1850 1765 Imperatorem
1870 1693 1998 1750 nemo.
2030 1677 2081 1751 le·

702 1770 821 1848 versus
843 1764 1187 1864 Constantinopolim
1206 1762 1413 1840 Gennadius
1434 1789 1527 1838 armo
1551 1784 1656 1858 1439.
1671 1765 1758 1863 'post
1773 1763 1969 1846 absolutam
1983 1777 2082 1872 Syno-

702 1871 792 1946 dum
810 1867 849 1941 in
866 1890 995 1965 magna
1014 1864 1109 1964 apud
1121 1868 1298 1965 Joannem
1311 1867 1559 1963 imperatorem
1578 1861 1933 1968 Constantinumqve
1951 1867 2083 1948 frahun

704 1977 738 2046 &s
750 1964 972 2042 successorem
986 1963 1155 2062 dignitate
1168 1961 1274 2052 vixit,
1295 1986 1408 2064 usqve
1428 1960 1472 2035 ad
1485 1986 1621 2035 annum
1636 1981 1738 2056 1453.
1753 1961 1816 2064 qvi
1832 1961 1981 2068 imperio
1992 1971 2082 2046 Grae·

703 2091 824 2143 corum
837 2060 1226 2162 Constantinopolitano
1239 2059 1420 2161 supremus
1435 2060 1514 2138 suit.
1536 2058 1634 2161 Qrid
1647 2085 1730 2135 vero
1746 2061 1826 2137 totis
1840 2065 1898 2140 his
1913 2067 2011 2144 annis
2024 2085 2084 2147 tre·

704 2151 822 2244 deciin
836 2161 1023 2240 Gennadio
1041 2157 1177 2236 farctum
1191 2156 1260 2245 stt,
1287 2157 1461 2268 divinavit
1479 2161 1646 2234 Allatrus:
1679 2184 1798 2270 neqve
1813 2163 1915 2240 enim
1933 2171 1952 2242 a
1977 2173 2084 2246 Gtaeoe

702 2270 776 2342 ullo
789 2276 908 2338 autore
922 2260 1044 2335 didicit
1056 2285 1140 2334 eum
1159 2255 1346 2334 Catholicae
1360 2254 1461 2345 fider,
1513 2283 1595 2331 vam
1605 2260 1789 2334 Florentiae
1805 2285 1894 2340 eum
1908 2265 1984 2344 aliis
2002 2269 2080 2346 Gra·

700 2365 747 2441 cis
761 2357 926 2462 professus
939 2359 1069 2448 fuerat,
1082 2353 1442 2443 observantisfimum,
1457 2283 1695 2465 Sihismaticos
1709 2383 1798 2434 voce
1812 2367 1848 2436 δι
1862 2359 1999 2468 scriptis
2012 2393 2080 2446 con·

702 2458 864 2550 firmall'e,
891 2455 1078 2558 praesertim
1102 2481 1185 2530 vero
1199 2459 1358 2531 Marcum
1377 2453 1571 2552 Ephesium
1584 2453 1771 2532 schismatis
1788 2461 2078 2566 Antesignanun,

700 2559 894 2661 Latinoqve
907 2556 1044 2632 nomini
1061 2551 1348 2632 infensissimum.
1395 2553 1488 2654 Quia
1501 2568 1620 2629 tamen
1639 2578 1682 2629 ex
1695 2552 1797 2632 variis
1811 2555 1906 2638 actis
1921 2575 1958 2642 &
1970 2589 2075 2642 romu·

701 2662 847 2749 mentio,
870 2682 1023 2761 qvorurn
1037 2681 1145 2756 pauca
1158 2653 1250 2729 edita
1262 2652 1358 2743 sunt,
1384 2651 2070 2756 reliqvaservanturirabibliothecis,itt·

698 2758 867 2858 telligitur
877 2757 1004 2835 eodem
1017 2771 1174 2855 tempore
1187 2750 1381 2856 qvemdam
1395 2751 1591 2854 Georgium
1604 2751 1823 2832 scholarium
1835 2761 1964 2840 Marco
1978 2769 2008 2842 E
2026 2761 2077 2840 he

700 2859 751 2936 fio
765 2860 901 2935 summa
912 2853 1141 2931 familiaritate
1154 2848 1407 2950 conjundtum,
1436 2855 1547 2926 multa
1566 2848 1727 2928 adversus
1745 2855 1894 2936 Latinos
1920 2861 2010 2968 scrip

701 2960 885 3038 Matthaeus
898 2955 1173 3054 Caryophyllus,
1202 2961 1331 3026 &eum
1345 2949 1480 3025 secutus
1493 2955 1563 3026 Leo
1576 2948 1741 3042 Allatius,
1767 2953 1862 3034 duos
1876 2959 2085 3042 Gennadius.

701 3058 790 3134 duos
805 3054 973 3154 Georgios
988 3049 1177 3126 scholarios
1197 3051 1425 3157 effinxerunt,
1450 3046 1551 3158 illum
1568 3048 1632 3152 qvi
1650 3049 1799 3128 concilio
1812 3059 2026 3142 Florentino
2039 3060 2085 3138 in·

701 3154 838 3244 tursolt,
864 3151 1103 3228 Catholicum:
1128 3151 1275 3223 alterum
1288 3144 1551 3223 Schismaticum
1573 3145 1639 3226 esse
1647 3146 1832 3248 jusserunt.
1886 3161 1957 3238 Hic
1972 3165 2083 3240 Mona·

702 3257 789 3332 chus
802 3249 936 3336 satius,
956 3246 1278 3326 Gennadiinomen
1289 3243 1393 3321 simul
1410 3272 1493 3322 cum
1506 3247 1629 3324 habitu
1636 3249 1827 3352 Religionis
1842 3259 2003 3362 accepit;
2035 3257 2082 3338 ille

702 3379 746 3432 ex
759 3350 859 3428 laico
875 3345 989 3426 sactus
1003 3347 1192 3424 l’atriarcha
1205 3345 1285 3445 post
1297 3359 1432 3446 captam
1445 3345 1589 3439 urbem,
1603 3347 1811 3428 Gennadius
1827 3379 1985 3466 qvoqve
1997 3383 2082 3438 nove

695 3451 843 3532 nomine
855 3451 1045 3550 appellatus
1058 3443 1141 3535 suit,
1170 3443 1233 3546 qvi
1244 3445 1323 3545 post
1335 3470 1444 3520 annos
1458 3445 1638 3552 qvinqve,
1663 3447 1829 3551 depositis
1842 3457 1975 3536 insulis
1993 3453 2082 3566 patri·

698 3550 907 3638 archalibus,
934 3547 973 3622 in
987 3544 1237 3624 Monasterium
1252 3543 1286 3620 se
1304 3569 1380 3619 rece
1408 3543 1450 3636 it,
1480 3560 1586 3650 atqve
1599 3573 1692 3624 anno
1710 3547 1846 3628 circiter
1863 3569 1974 3652 1460.
1996 3557 2081 3636 dian

697 3654 801 3730 suum
815 3648 911 3726 obiit.
959 3652 1034 3723 lmo
1047 3646 1155 3721 alium
1167 3641 1360 3746 quemdam
1374 3571 1568 3746 Georgium
1581 3647 1798 3726 scholarium
1812 3653 2013 3734 Cortesiurn
2023 3679 2073 3732 w

699 3750 802 3828 titisse
815 3747 1002 3848 suspicatur
1017 3744 1182 3833 Allatius,
1212 3767 1322 3846 qvem
1337 3761 1493 3854 autorem
1506 3747 1678 3824 existimat
1690 3743 1916 3832 diversorum
1929 3749 2075 3834 adversus

697 3849 835 3924 Latinos
847 3872 1016 3948 operum;
1041 3861 1146 3948 atqve
1163 3844 1209 3919 ita
1222 3857 1288 3918 tres
1306 3847 1473 3944 Georgios
1488 3843 1725 3924 scholarios&
1744 3849 1957 3934 Gennadios
1968 3879 2072 3934 recen·

699 3949 764 4037 set,
789 3946 867 4038 sed,
889 3961 926 4022 ut
940 3945 1031 4022 infra
1045 3943 1240 4034 videbitur,
1265 3943 1369 4043 plane
1384 3941 1580 4027 infeliciter.
1627 3949 1726 4022 Hanc
1739 3959 1864 4030 tamen
1878 3951 1955 4054 ejus
1972 3951 2043 4034 con'

700 4043 839 4122 &uram
854 4044 961 4122 secuti
981 4043 1062 4120 sunt
1082 4069 1206 4120 omnes
1229 4041 1340 4118 ferme
1355 4042 1551 4146 Theologi,
1576 4043 1691 4124 donec
1703 4049 1742 4124 R.
1758 4047 1888 4130 Simon
1902 4053 1946 4148 d)
1958 4055 2011 4132 vir
2042 4077 2070 4128 o

619 4206 627 4222 .
700 4141 875 4222 &issimus
895 4144 1014 4221 docuit
1039 4139 1233 4220 certisfimis
1254 4141 1495 4242 argumentis,
1535 4143 1684 4222 unicum
1712 4143 1814 4226 fuisse
1841 4151 2069 4232 Gennadium
2120 4161 2124 4220 r

688 4243 795 4350 -Qvia
806 4257 922 4319 tamen
936 4245 1012 4318 hac
1025 4240 1121 4344 qvasr
1135 4241 1175 4316 in
1188 4240 1347 4343 παρέργῳ
1360 4240 1401 4316 ab
1417 4265 1459 4316 eo
1472 4242 1593 4346 scripta
1605 4242 1705 4329 sunt,
1730 4271 1815 4324 cum
1835 4247 1986 4334 brevitas
2001 4275 2070 4364 ope·

700 4345 832 4432 risnon
845 4357 1017 4440 pateretur
1030 4356 1069 4417 ut
1081 4355 1190 4417 totam
1201 4367 1245 4418 ex
1258 4339 1409 4441 antiqvis
1427 4342 1669 4421 monumentis
1682 4347 1917 4448 qvaestionem
1940 4355 2071 4456 exphca·

699 4453 768 4534 ret,
791 4438 945 4540 superest
957 4459 996 4516 ut
1008 4455 1184 4544 qvantum
1199 4439 1327 4532 licebit,
1341 4439 1459 4541 paucis
1474 4466 1553 4520 earn
1565 4443 1805 4546 expediamus.

1985 4553 2066 4626 Gen·

734 4737 768 4815 d)
788 4733 838 4794 lib.
856 4735 891 4798 de
904 4731 1207 4798 transsubstantiatione
1224 4755 1324 4801 contra
1338 4737 1417 4808 Tho.
1430 4735 1571 4802 snitu
1587 4745 1621 4808 Α.
1636 4733 1727 4826 1615.
1746 4753 1796 4812 12.
