<?xml version="1.0" encoding="UTF-8"?>
<!DOCTYPE html PUBLIC "-//W3C//DTD XHTML 1.0 Transitional//EN"
    "http://www.w3.org/TR/xhtml1/DTD/xhtml1-transitional.dtd">
<html xmlns="http://www.w3.org/1999/xhtml" xml:lang="en" lang="en">
 <head>
  <title>
</title>
<meta http-equiv="Content-Type" content="text/html;charset=utf-8" />
  <meta name='ocr-system' content='tesseract 3.04.00' />
  <meta name='ocr-capabilities' content='ocr_page ocr_carea ocr_par ocr_line ocrx_word'/>
</head>
<body>
  <div class='ocr_page' id='page_1' title='image "./joalbertifabrie02fabrgoog_0803.png"; bbox 0 0 4892 5667; ppageno 0'>
   <div class='ocr_carea' id='block_1_1' title="bbox 532 707 2031 1328">
    <p class='ocr_par' dir='ltr' id='par_1_1' title="bbox 532 707 2031 1328">
     <span class='ocr_line' id='line_1_1' title="bbox 918 707 1934 864; baseline 0.016 -44"><span class='ocrx_word' id='word_1_1' title='bbox 918 797 928 820; x_wconf 79' lang='grc'><em>,</em></span> <span class='ocrx_word' id='word_1_2' title='bbox 1019 707 1379 834; x_wconf 61' lang='lat' dir='ltr'><strong>bonomium.</strong></span> <span class='ocrx_word' id='word_1_3' title='bbox 1717 833 1720 848; x_wconf 84' lang='grc'>,</span> <span class='ocrx_word' id='word_1_4' title='bbox 1857 737 1934 864; x_wconf 52' lang='grc' dir='ltr'><strong>ᾲργ</strong></span> 
     </span>
     <span class='ocr_line' id='line_1_2' title="bbox 535 903 1933 1018; baseline 0.002 -27"><span class='ocrx_word' id='word_1_5' title='bbox 535 913 683 991; x_wconf 87' lang='lat' dir='ltr'><strong>nomina</strong></span> <span class='ocrx_word' id='word_1_6' title='bbox 696 911 836 1002; x_wconf 88' lang='lat' dir='ltr'><strong>desint,</strong></span> <span class='ocrx_word' id='word_1_7' title='bbox 876 903 1071 1010; x_wconf 87' lang='lat' dir='ltr'><strong>Nicephorr</strong></span> <span class='ocrx_word' id='word_1_8' title='bbox 1088 933 1161 1009; x_wconf 92' lang='lat' dir='ltr'><strong>quo</strong></span> <span class='ocrx_word' id='word_1_9' title='bbox 1186 933 1234 1018; x_wconf 68' lang='lat' dir='ltr'><strong>ue</strong></span> <span class='ocrx_word' id='word_1_10' title='bbox 1254 909 1402 986; x_wconf 90' lang='lat' dir='ltr'><strong>nomine</strong></span> <span class='ocrx_word' id='word_1_11' title='bbox 1427 909 1665 1000; x_wconf 78' lang='lat' dir='ltr'><strong>venditantur.</strong></span> <span class='ocrx_word' id='word_1_12' title='bbox 1739 915 1933 998; x_wconf 78' lang='lat' dir='ltr'><strong>Verderiu&#39;r</strong></span> 
     </span>
     <span class='ocr_line' id='line_1_3' title="bbox 534 1009 2031 1116; baseline -0.001 -25"><span class='ocrx_word' id='word_1_13' title='bbox 534 1013 573 1091; x_wconf 91' lang='lat' dir='ltr'><strong>in</strong></span> <span class='ocrx_word' id='word_1_14' title='bbox 592 1013 768 1116; x_wconf 86' lang='lat' dir='ltr'><strong>supplem.</strong></span> <span class='ocrx_word' id='word_1_15' title='bbox 837 1013 880 1086; x_wconf 91' lang='lat' dir='ltr'><strong>ln</strong></span> <span class='ocrx_word' id='word_1_16' title='bbox 905 1009 1073 1108; x_wconf 85' lang='lat' dir='ltr'><strong>Catalogo</strong></span> <span class='ocrx_word' id='word_1_17' title='bbox 1097 1011 1183 1110; x_wconf 85' lang='lat' dir='ltr'><strong>Jaco</strong></span> <span class='ocrx_word' id='word_1_18' title='bbox 1208 1031 1221 1080; x_wconf 89' lang='lat'>1</span> <span class='ocrx_word' id='word_1_19' title='bbox 1242 1010 1486 1088; x_wconf 68' lang='lat' dir='ltr'><strong>Marmarata:</strong></span> <span class='ocrx_word' id='word_1_20' title='bbox 1530 1015 1842 1112; x_wconf 63' lang='lat' dir='ltr'><strong>maphora-mgna,</strong></span> <span class='ocrx_word' id='word_1_21' title='bbox 1859 1021 1932 1112; x_wconf 79' lang='lat' dir='ltr'><strong>five</strong></span> <span class='ocrx_word' id='word_1_22' title='bbox 2026 1101 2031 1116; x_wconf 23' lang='grc' dir='ltr'><strong>,Ι</strong></span> 
     </span>
     <span class='ocr_line' id='line_1_4' title="bbox 536 1105 1930 1208; baseline 0.005 -24"><span class='ocrx_word' id='word_1_23' title='bbox 536 1121 701 1190; x_wconf 83' lang='lat' dir='ltr'><strong>Ceromm</strong></span> <span class='ocrx_word' id='word_1_24' title='bbox 719 1113 907 1206; x_wconf 75' lang='lat' dir='ltr'><em>explicatio,</em></span> <span class='ocrx_word' id='word_1_25' title='bbox 948 1105 986 1184; x_wconf 59' lang='grc' dir='ltr'><strong><em>ὅ</em></strong></span> <span class='ocrx_word' id='word_1_26' title='bbox 1012 1115 1249 1178; x_wconf 83' lang='lat' dir='ltr'><strong>ermonesuarii</strong></span> <span class='ocrx_word' id='word_1_27' title='bbox 1263 1113 1298 1202; x_wconf 80' lang='lat' dir='ltr'><strong>iri</strong></span> <span class='ocrx_word' id='word_1_28' title='bbox 1309 1107 1460 1202; x_wconf 71' lang='lat' dir='ltr'><strong>sitifim</strong></span> <span class='ocrx_word' id='word_1_29' title='bbox 1474 1109 1695 1208; x_wconf 82' lang='lat' dir='ltr'><strong>Evangelium.</strong></span> <span class='ocrx_word' id='word_1_30' title='bbox 1746 1113 1840 1190; x_wconf 84' lang='lat' dir='ltr'><strong>Hinc</strong></span> <span class='ocrx_word' id='word_1_31' title='bbox 1853 1119 1930 1196; x_wconf 71' lang='lat' dir='ltr'><strong>coi·</strong></span> 
     </span>
     <span class='ocr_line' id='line_1_5' title="bbox 532 1199 1931 1328; baseline 0.005 -46"><span class='ocrx_word' id='word_1_32' title='bbox 532 1210 696 1320; x_wconf 79' lang='lat' dir='ltr'>ligimus,</span> <span class='ocrx_word' id='word_1_33' title='bbox 722 1214 885 1283; x_wconf 84' lang='lat' dir='ltr'><strong>unum&amp;</strong></span> <span class='ocrx_word' id='word_1_34' title='bbox 901 1228 974 1280; x_wconf 92' lang='lat' dir='ltr'><strong>eun</strong></span> <span class='ocrx_word' id='word_1_35' title='bbox 1001 1199 1263 1280; x_wconf 71' lang='lat' dir='ltr'><strong>enuntiarem</strong></span> <span class='ocrx_word' id='word_1_36' title='bbox 1273 1201 1337 1281; x_wconf 92' lang='lat' dir='ltr'><strong>sub</strong></span> <span class='ocrx_word' id='word_1_37' title='bbox 1351 1205 1521 1306; x_wconf 85' lang='lat' dir='ltr'><strong>Georgii,</strong></span> <span class='ocrx_word' id='word_1_38' title='bbox 1546 1209 1725 1320; x_wconf 78' lang='lat' dir='ltr'>Gregorii,</span> <span class='ocrx_word' id='word_1_39' title='bbox 1738 1211 1931 1328; x_wconf 52' lang='lat' dir='ltr'><strong>Theopi&#39;q-</strong></span> 
     </span>
    </p>
   </div>
   <div class='ocr_carea' id='block_1_2' title="bbox 531 1301 1930 1580">
    <p class='ocr_par' dir='ltr' id='par_1_2' title="bbox 531 1301 1930 1580">
     <span class='ocr_line' id='line_1_6' title="bbox 531 1301 1930 1410; baseline 0.001 -26"><span class='ocrx_word' id='word_1_40' title='bbox 531 1333 613 1395; x_wconf 88' lang='lat' dir='ltr'><strong>ms,</strong></span> <span class='ocrx_word' id='word_1_41' title='bbox 640 1304 814 1404; x_wconf 85' lang='lat' dir='ltr'><strong>Philippi,</strong></span> <span class='ocrx_word' id='word_1_42' title='bbox 849 1313 883 1380; x_wconf 77' lang='grc' dir='ltr'><strong>δι</strong></span> <span class='ocrx_word' id='word_1_43' title='bbox 896 1302 1089 1405; x_wconf 87' lang='lat' dir='ltr'><strong>Nicephori</strong></span> <span class='ocrx_word' id='word_1_44' title='bbox 1102 1301 1308 1378; x_wconf 85' lang='lat' dir='ltr'><strong>nominibus</strong></span> <span class='ocrx_word' id='word_1_45' title='bbox 1324 1303 1533 1382; x_wconf 74' lang='lat' dir='ltr'><strong>innotuisse:</strong></span> <span class='ocrx_word' id='word_1_46' title='bbox 1561 1333 1625 1410; x_wconf 89' lang='lat' dir='ltr'><strong>qur</strong></span> <span class='ocrx_word' id='word_1_47' title='bbox 1646 1309 1930 1394; x_wconf 76' lang='lat' dir='ltr'><strong>diveduromna·</strong></span> 
     </span>
     <span class='ocr_line' id='line_1_7' title="bbox 531 1399 1927 1580; baseline 0.004 -97"><span class='ocrx_word' id='word_1_48' title='bbox 531 1431 581 1483; x_wconf 88' lang='lat' dir='ltr'><strong>no</strong></span> <span class='ocrx_word' id='word_1_49' title='bbox 595 1406 678 1480; x_wconf 84' lang='lat' dir='ltr'><strong>esta</strong></span> <span class='ocrx_word' id='word_1_50' title='bbox 696 1404 921 1503; x_wconf 84' lang='lat' dir='ltr'>Theophane</span> <span class='ocrx_word' id='word_1_51' title='bbox 940 1407 1166 1500; x_wconf 87' lang='lat' dir='ltr'><strong>Hymnorum</strong></span> <span class='ocrx_word' id='word_1_52' title='bbox 1186 1399 1373 1502; x_wconf 80' lang='lat' dir='ltr'>scriptore,</span> <span class='ocrx_word' id='word_1_53' title='bbox 1416 1405 1580 1580; x_wconf 63' lang='lat' dir='ltr'><strong>puamvis</strong></span> <span class='ocrx_word' id='word_1_54' title='bbox 1607 1405 1650 1484; x_wconf 81' lang='lat' dir='ltr'><strong>ab</strong></span> <span class='ocrx_word' id='word_1_55' title='bbox 1675 1408 1749 1486; x_wconf 83' lang='lat' dir='ltr'><strong>aliis</strong></span> <span class='ocrx_word' id='word_1_56' title='bbox 1776 1407 1927 1488; x_wconf 84' lang='lat' dir='ltr'><strong>confuu-</strong></span> 
     </span>
    </p>
   </div>
   <div class='ocr_carea' id='block_1_3' title="bbox 531 1497 2046 2376">
    <p class='ocr_par' dir='ltr' id='par_1_3' title="bbox 531 1497 2046 2370">
     <span class='ocr_line' id='line_1_8' title="bbox 535 1497 2046 1600; baseline 0.001 -19"><span class='ocrx_word' id='word_1_57' title='bbox 535 1505 649 1581; x_wconf 85' lang='lat' dir='ltr'><strong>datur.</strong></span> <span class='ocrx_word' id='word_1_58' title='bbox 695 1503 873 1580; x_wconf 83' lang='lat' dir='ltr'><strong>Gretserus</strong></span> <span class='ocrx_word' id='word_1_59' title='bbox 886 1501 932 1579; x_wconf 85' lang='lat' dir='ltr'><strong>de</strong></span> <span class='ocrx_word' id='word_1_60' title='bbox 946 1504 1059 1578; x_wconf 89' lang='lat' dir='ltr'><strong>Cruce</strong></span> <span class='ocrx_word' id='word_1_61' title='bbox 1072 1499 1164 1576; x_wconf 86' lang='lat' dir='ltr'><strong>notis</strong></span> <span class='ocrx_word' id='word_1_62' title='bbox 1186 1499 1227 1576; x_wconf 92' lang='lat' dir='ltr'><strong>in</strong></span> <span class='ocrx_word' id='word_1_63' title='bbox 1241 1497 1401 1598; x_wconf 83' lang='lat' dir='ltr'><strong>ejusdem</strong></span> <span class='ocrx_word' id='word_1_64' title='bbox 1447 1527 1507 1582; x_wconf 79' lang='lat' dir='ltr'><strong>uos</strong></span> <span class='ocrx_word' id='word_1_65' title='bbox 1532 1507 1704 1584; x_wconf 86' lang='lat' dir='ltr'><strong>orationes</strong></span> <span class='ocrx_word' id='word_1_66' title='bbox 1725 1507 1774 1585; x_wconf 93' lang='lat' dir='ltr'><strong>de</strong></span> <span class='ocrx_word' id='word_1_67' title='bbox 1800 1510 1924 1600; x_wconf 85' lang='lat' dir='ltr'><strong>Cruce,</strong></span> <span class='ocrx_word' id='word_1_68' title='bbox 2044 1529 2046 1534; x_wconf 86' lang='lat'>·</span> 
     </span>
     <span class='ocr_line' id='line_1_9' title="bbox 531 1598 1926 1708; baseline 0.004 -28"><span class='ocrx_word' id='word_1_69' title='bbox 531 1602 646 1680; x_wconf 86' lang='lat' dir='ltr'><strong>scribit</strong></span> <span class='ocrx_word' id='word_1_70' title='bbox 666 1628 708 1678; x_wconf 88' lang='lat' dir='ltr'><strong>eo</strong></span> <span class='ocrx_word' id='word_1_71' title='bbox 734 1615 892 1702; x_wconf 90' lang='lat' dir='ltr'><strong>tempore</strong></span> <span class='ocrx_word' id='word_1_72' title='bbox 916 1600 1069 1689; x_wconf 80' lang='lat' dir='ltr'><strong>vixisse,</strong></span> <span class='ocrx_word' id='word_1_73' title='bbox 1104 1625 1178 1708; x_wconf 91' lang='lat' dir='ltr'><strong>quo</strong></span> <span class='ocrx_word' id='word_1_74' title='bbox 1200 1598 1316 1674; x_wconf 89' lang='lat' dir='ltr'><strong>adhuc</strong></span> <span class='ocrx_word' id='word_1_75' title='bbox 1336 1598 1473 1692; x_wconf 84' lang='lat' dir='ltr'><strong>Sicilia,</strong></span> <span class='ocrx_word' id='word_1_76' title='bbox 1506 1607 1565 1678; x_wconf 83' lang='lat' dir='ltr'><strong>vel</strong></span> <span class='ocrx_word' id='word_1_77' title='bbox 1589 1621 1681 1683; x_wconf 86' lang='lat' dir='ltr'><strong>certe</strong></span> <span class='ocrx_word' id='word_1_78' title='bbox 1704 1633 1781 1708; x_wconf 83' lang='lat' dir='ltr'><strong>pars</strong></span> <span class='ocrx_word' id='word_1_79' title='bbox 1802 1607 1926 1686; x_wconf 72' lang='lat' dir='ltr'><strong>sicilie</strong></span> 
     </span>
     <span class='ocr_line' id='line_1_10' title="bbox 531 1695 1926 1808; baseline 0.003 -28"><span class='ocrx_word' id='word_1_80' title='bbox 531 1699 801 1803; x_wconf 82' lang='lat' dir='ltr'><strong>imperatoribus</strong></span> <span class='ocrx_word' id='word_1_81' title='bbox 827 1695 1223 1798; x_wconf 81' lang='lat' dir='ltr'><strong>Constantinopolitanis</strong></span> <span class='ocrx_word' id='word_1_82' title='bbox 1257 1697 1396 1798; x_wconf 87' lang='lat' dir='ltr'><strong>parebat</strong></span> <span class='ocrx_word' id='word_1_83' title='bbox 1427 1725 1437 1775; x_wconf 73' lang='grc' dir='ltr'><strong><em>ε</em></strong></span> <span class='ocrx_word' id='word_1_84' title='bbox 1482 1700 1592 1804; x_wconf 89' lang='lat' dir='ltr'><strong>idque</strong></span> <span class='ocrx_word' id='word_1_85' title='bbox 1621 1705 1756 1808; x_wconf 86' lang='lat' dir='ltr'><strong>liquere</strong></span> <span class='ocrx_word' id='word_1_86' title='bbox 1784 1730 1828 1782; x_wconf 84' lang='lat' dir='ltr'><strong>ex</strong></span> <span class='ocrx_word' id='word_1_87' title='bbox 1853 1705 1926 1784; x_wconf 82' lang='lat' dir='ltr'><strong>line</strong></span> 
     </span>
     <span class='ocr_line' id='line_1_11' title="bbox 533 1795 1926 1905; baseline 0.004 -26"><span class='ocrx_word' id='word_1_88' title='bbox 533 1801 695 1879; x_wconf 80' lang='lat' dir='ltr'><strong>secunda</strong></span> <span class='ocrx_word' id='word_1_89' title='bbox 715 1799 889 1875; x_wconf 87' lang='lat' dir='ltr'><strong>Orationis</strong></span> <span class='ocrx_word' id='word_1_90' title='bbox 919 1821 1083 1897; x_wconf 79' lang='lat' dir='ltr'><strong>p.1207.</strong></span> <span class='ocrx_word' id='word_1_91' title='bbox 1111 1795 1347 1872; x_wconf 86' lang='lat' dir='ltr'><strong>ubi&#39;Crucem</strong></span> <span class='ocrx_word' id='word_1_92' title='bbox 1376 1797 1545 1876; x_wconf 87' lang='lat' dir='ltr'><strong>invocans</strong></span> <span class='ocrx_word' id='word_1_93' title='bbox 1566 1818 1665 1902; x_wconf 80' lang='lat' dir='ltr'><strong>rogat</strong></span> <span class='ocrx_word' id='word_1_94' title='bbox 1693 1863 1705 1896; x_wconf 93' lang='lat'><strong>,</strong></span> <span class='ocrx_word' id='word_1_95' title='bbox 1743 1819 1784 1882; x_wconf 92' lang='lat' dir='ltr'><strong>ut</strong></span> <span class='ocrx_word' id='word_1_96' title='bbox 1812 1807 1926 1905; x_wconf 86' lang='lat' dir='ltr'><strong>impe·</strong></span> 
     </span>
     <span class='ocr_line' id='line_1_12' title="bbox 533 1889 1922 1997; baseline -0.001 -19"><span class='ocrx_word' id='word_1_97' title='bbox 533 1897 755 1978; x_wconf 86' lang='lat' dir='ltr'><strong>tatoribuslit</strong></span> <span class='ocrx_word' id='word_1_98' title='bbox 773 1895 932 1997; x_wconf 81' lang='lat' dir='ltr'><strong>praefidio</strong></span> <span class='ocrx_word' id='word_1_99' title='bbox 956 1921 966 1970; x_wconf 73' lang='grc' dir='ltr'><em>τ</em></span> <span class='ocrx_word' id='word_1_100' title='bbox 1006 1898 1166 1991; x_wconf 76' lang='lat' dir='ltr'><strong>npoiruvor</strong></span> <span class='ocrx_word' id='word_1_101' title='bbox 1193 1894 1232 1987; x_wconf 78' lang='grc' dir='ltr'><strong><em>τῇ</em></strong></span> <span class='ocrx_word' id='word_1_102' title='bbox 1251 1889 1326 1989; x_wconf 60' lang='lat' dir='ltr'><strong>ixii</strong></span> <span class='ocrx_word' id='word_1_103' title='bbox 1344 1924 1389 1972; x_wconf 71' lang='lat' dir='ltr'><strong>ot</strong></span> <span class='ocrx_word' id='word_1_104' title='bbox 1409 1896 1472 1981; x_wconf 64' lang='lat' dir='ltr'><strong>tx&#39;c</strong></span> <span class='ocrx_word' id='word_1_105' title='bbox 1503 1927 1601 1981; x_wconf 66' lang='grc' dir='ltr'><strong>τις-ες</strong></span> <span class='ocrx_word' id='word_1_106' title='bbox 1630 1893 1786 1986; x_wconf 68' lang='grc' dir='ltr'><strong>Βασιλεῗς</strong></span> <span class='ocrx_word' id='word_1_107' title='bbox 1818 1903 1922 1984; x_wconf 59' lang='lat' dir='ltr'><strong>raudo.</strong></span> 
     </span>
     <span class='ocr_line' id='line_1_13' title="bbox 537 1995 1926 2104; baseline 0.004 -32"><span class='ocrx_word' id='word_1_108' title='bbox 537 1999 904 2088; x_wconf 27' lang='lat' dir='ltr'><strong>corrobora-fortitudine</strong></span> <span class='ocrx_word' id='word_1_109' title='bbox 918 1995 1093 2088; x_wconf 80' lang='lat' dir='ltr'><strong>ruofidcles</strong></span> <span class='ocrx_word' id='word_1_110' title='bbox 1110 1999 1309 2091; x_wconf 85' lang='lat' dir='ltr'><strong>imperotores</strong></span> <span class='ocrx_word' id='word_1_111' title='bbox 1326 1999 1451 2094; x_wconf 74' lang='lat' dir='ltr'><strong>nostros.</strong></span> <span class='ocrx_word' id='word_1_112' title='bbox 1497 1999 1569 2076; x_wconf 87' lang='lat' dir='ltr'><strong>Sub</strong></span> <span class='ocrx_word' id='word_1_113' title='bbox 1582 2004 1720 2103; x_wconf 87' lang='lat' dir='ltr'><strong>Joanne</strong></span> <span class='ocrx_word' id='word_1_114' title='bbox 1734 2029 1866 2104; x_wconf 87' lang='lat' dir='ltr'><strong>nempe</strong></span> <span class='ocrx_word' id='word_1_115' title='bbox 1890 2013 1926 2084; x_wconf 78' lang='lat' dir='ltr'><strong>dt</strong></span> 
     </span>
     <span class='ocr_line' id='line_1_14' title="bbox 534 2093 1924 2195; baseline 0.001 -18"><span class='ocrx_word' id='word_1_116' title='bbox 534 2100 732 2177; x_wconf 88' lang='lat' dir='ltr'><strong>Emanuele</strong></span> <span class='ocrx_word' id='word_1_117' title='bbox 746 2093 964 2182; x_wconf 84' lang='lat' dir='ltr'><strong>Comnenis,</strong></span> <span class='ocrx_word' id='word_1_118' title='bbox 991 2117 1074 2170; x_wconf 90' lang='lat' dir='ltr'><strong>cum</strong></span> <span class='ocrx_word' id='word_1_119' title='bbox 1093 2093 1229 2194; x_wconf 84' lang='lat' dir='ltr'><strong>Rogcrii</strong></span> <span class='ocrx_word' id='word_1_120' title='bbox 1244 2095 1345 2195; x_wconf 74' lang='lat' dir='ltr'><strong>uagis</strong></span> <span class='ocrx_word' id='word_1_121' title='bbox 1358 2095 1480 2174; x_wconf 75' lang='lat' dir='ltr'><strong>Sicilia</strong></span> <span class='ocrx_word' id='word_1_122' title='bbox 1500 2155 1511 2189; x_wconf 96' lang='lat'><strong>,</strong></span> <span class='ocrx_word' id='word_1_123' title='bbox 1537 2101 1689 2176; x_wconf 89' lang='lat' dir='ltr'><strong>Homilia</strong></span> <span class='ocrx_word' id='word_1_124' title='bbox 1704 2103 1742 2178; x_wconf 92' lang='lat' dir='ltr'><strong>in</strong></span> <span class='ocrx_word' id='word_1_125' title='bbox 1766 2102 1924 2180; x_wconf 88' lang='lat' dir='ltr'><strong>Domini·</strong></span> 
     </span>
     <span class='ocr_line' id='line_1_15' title="bbox 533 2159 1923 2370; baseline 0.004 -96"><span class='ocrx_word' id='word_1_126' title='bbox 533 2199 850 2370; x_wconf 62' lang='lat' dir='ltr'><strong>cathrpmarum,</strong></span> <span class='ocrx_word' id='word_1_127' title='bbox 884 2159 1106 2270; x_wconf 61' lang='lat' dir='ltr'><strong>munionem</strong></span> <span class='ocrx_word' id='word_1_128' title='bbox 1127 2191 1329 2271; x_wconf 87' lang='lat' dir='ltr'><strong>induxerit:</strong></span> <span class='ocrx_word' id='word_1_129' title='bbox 1372 2219 1446 2298; x_wconf 89' lang='lat' dir='ltr'><strong>quo</strong></span> <span class='ocrx_word' id='word_1_130' title='bbox 1480 2198 1649 2298; x_wconf 85' lang='lat' dir='ltr'><strong>praesente</strong></span> <span class='ocrx_word' id='word_1_131' title='bbox 1674 2203 1867 2279; x_wconf 90' lang='lat' dir='ltr'><strong>orationem</strong></span> <span class='ocrx_word' id='word_1_132' title='bbox 1881 2203 1923 2278; x_wconf 89' lang='lat' dir='ltr'><strong>il·</strong></span> 
     </span>
    </p>

    <p class='ocr_par' dir='ltr' id='par_1_4' title="bbox 531 2301 750 2376">
     <span class='ocr_line' id='line_1_16' title="bbox 531 2301 750 2376; baseline -0.018 0"><span class='ocrx_word' id='word_1_133' title='bbox 531 2301 604 2376; x_wconf 87' lang='lat' dir='ltr'><strong>lam</strong></span> <span class='ocrx_word' id='word_1_134' title='bbox 643 2310 750 2372; x_wconf 84' lang='lat' dir='ltr'><strong>aurt.</strong></span> 
     </span>
    </p>
   </div>
   <div class='ocr_carea' id='block_1_4' title="bbox 523 2401 2047 3526">
    <p class='ocr_par' dir='ltr' id='par_1_5' title="bbox 523 2401 2047 3526">
     <span class='ocr_line' id='line_1_17' title="bbox 692 2401 1923 2514; baseline 0.008 -32"><span class='ocrx_word' id='word_1_135' title='bbox 692 2406 785 2482; x_wconf 88' lang='lat' dir='ltr'><strong>lilius</strong></span> <span class='ocrx_word' id='word_1_136' title='bbox 801 2403 970 2482; x_wconf 83' lang='lat' dir='ltr'><strong>Humilias</strong></span> <span class='ocrx_word' id='word_1_137' title='bbox 989 2403 1076 2482; x_wconf 88' lang='lat' dir='ltr'><strong>duas</strong></span> <span class='ocrx_word' id='word_1_138' title='bbox 1090 2401 1129 2478; x_wconf 79' lang='lat' dir='ltr'><strong>de</strong></span> <span class='ocrx_word' id='word_1_139' title='bbox 1143 2411 1263 2496; x_wconf 79' lang='lat' dir='ltr'><strong>cruce,</strong></span> <span class='ocrx_word' id='word_1_140' title='bbox 1288 2417 1368 2484; x_wconf 89' lang='lat' dir='ltr'><strong>ante</strong></span> <span class='ocrx_word' id='word_1_141' title='bbox 1381 2409 1636 2488; x_wconf 84' lang='lat' dir='ltr'><strong>Exaltationem</strong></span> <span class='ocrx_word' id='word_1_142' title='bbox 1654 2435 1810 2514; x_wconf 83' lang='lat' dir='ltr'><strong>nempe.</strong></span> <span class='ocrx_word' id='word_1_143' title='bbox 1836 2423 1871 2492; x_wconf 75' lang='lat' dir='ltr'><strong>bt</strong></span> <span class='ocrx_word' id='word_1_144' title='bbox 1883 2414 1923 2494; x_wconf 91' lang='lat' dir='ltr'><strong>in</strong></span> 
     </span>
     <span class='ocr_line' id='line_1_18' title="bbox 530 2503 1923 2607; baseline 0.006 -24"><span class='ocrx_word' id='word_1_145' title='bbox 530 2503 812 2598; x_wconf 82' lang='lat' dir='ltr'><strong>Exaltationem,</strong></span> <span class='ocrx_word' id='word_1_146' title='bbox 842 2532 927 2607; x_wconf 82' lang='lat' dir='ltr'><strong>quas</strong></span> <span class='ocrx_word' id='word_1_147' title='bbox 942 2505 1041 2604; x_wconf 87' lang='lat' dir='ltr'><strong>supra</strong></span> <span class='ocrx_word' id='word_1_148' title='bbox 1058 2507 1433 2599; x_wconf 82' lang='lat' dir='ltr'><strong>commemoravimus,</strong></span> <span class='ocrx_word' id='word_1_149' title='bbox 1470 2509 1583 2585; x_wconf 87' lang='lat' dir='ltr'><strong>edidit</strong></span> <span class='ocrx_word' id='word_1_150' title='bbox 1604 2515 1725 2588; x_wconf 86' lang='lat' dir='ltr'><strong>Graece</strong></span> <span class='ocrx_word' id='word_1_151' title='bbox 1747 2522 1781 2588; x_wconf 71' lang='grc' dir='ltr'>ἃ</span> <span class='ocrx_word' id='word_1_152' title='bbox 1801 2513 1923 2592; x_wconf 83' lang='lat' dir='ltr'><strong>Latine</strong></span> 
     </span>
     <span class='ocr_line' id='line_1_19' title="bbox 530 2604 1921 2707; baseline 0.004 -27"><span class='ocrx_word' id='word_1_153' title='bbox 530 2605 708 2680; x_wconf 88' lang='lat' dir='ltr'><strong>Gretserus</strong></span> <span class='ocrx_word' id='word_1_154' title='bbox 723 2609 831 2678; x_wconf 81' lang='lat' dir='ltr'><strong>&#39;som</strong></span> <span class='ocrx_word' id='word_1_155' title='bbox 848 2609 899 2680; x_wconf 90' lang='lat' dir='ltr'><strong>lli.</strong></span> <span class='ocrx_word' id='word_1_156' title='bbox 916 2604 961 2678; x_wconf 87' lang='lat' dir='ltr'><strong>de</strong></span> <span class='ocrx_word' id='word_1_157' title='bbox 975 2609 1087 2678; x_wconf 81' lang='lat' dir='ltr'><strong>Cruce</strong></span> <span class='ocrx_word' id='word_1_158' title='bbox 1100 2628 1181 2703; x_wconf 84' lang='lat' dir='ltr'><strong>pag.</strong></span> <span class='ocrx_word' id='word_1_159' title='bbox 1202 2626 1310 2700; x_wconf 80' lang='lat'>1207.</span> <span class='ocrx_word' id='word_1_160' title='bbox 1382 2611 1427 2682; x_wconf 88' lang='lat' dir='ltr'><strong>Et</strong></span> <span class='ocrx_word' id='word_1_161' title='bbox 1441 2608 1568 2696; x_wconf 90' lang='lat' dir='ltr'><strong>aliam,</strong></span> <span class='ocrx_word' id='word_1_162' title='bbox 1593 2608 1632 2680; x_wconf 82' lang='lat' dir='ltr'><strong>de</strong></span> <span class='ocrx_word' id='word_1_163' title='bbox 1637 2611 1762 2702; x_wconf 71' lang='lat' dir='ltr'><strong>feririiis</strong></span> <span class='ocrx_word' id='word_1_164' title='bbox 1775 2621 1921 2707; x_wconf 79' lang='lat' dir='ltr'><strong>imagini-</strong></span> 
     </span>
     <span class='ocr_line' id='line_1_20' title="bbox 528 2700 2047 2812; baseline 0.004 -33"><span class='ocrx_word' id='word_1_165' title='bbox 528 2709 609 2792; x_wconf 77' lang='lat' dir='ltr'><strong>bus,</strong></span> <span class='ocrx_word' id='word_1_166' title='bbox 638 2704 696 2779; x_wconf 88' lang='lat' dir='ltr'><strong>die</strong></span> <span class='ocrx_word' id='word_1_167' title='bbox 712 2701 800 2777; x_wconf 86' lang='lat' dir='ltr'><strong>sesto</strong></span> <span class='ocrx_word' id='word_1_168' title='bbox 816 2700 1013 2778; x_wconf 73' lang='lat' dir='ltr'><strong>saratinum</strong></span> <span class='ocrx_word' id='word_1_169' title='bbox 1029 2703 1229 2802; x_wconf 82' lang='lat' dir='ltr'><strong>imaginum</strong></span> <span class='ocrx_word' id='word_1_170' title='bbox 1245 2760 1255 2791; x_wconf 94' lang='lat'><strong>,</strong></span> <span class='ocrx_word' id='word_1_171' title='bbox 1278 2703 1346 2778; x_wconf 90' lang='lat' dir='ltr'><strong>hoc</strong></span> <span class='ocrx_word' id='word_1_172' title='bbox 1359 2707 1409 2779; x_wconf 90' lang='lat' dir='ltr'><strong>est</strong></span> <span class='ocrx_word' id='word_1_173' title='bbox 1427 2706 1611 2782; x_wconf 80' lang='lat' dir='ltr'><strong>Dominrca</strong></span> <span class='ocrx_word' id='word_1_174' title='bbox 1624 2708 1869 2800; x_wconf 83' lang='lat' dir='ltr'><strong>Orthodoxiae,</strong></span> <span class='ocrx_word' id='word_1_175' title='bbox 1882 2735 1921 2812; x_wconf 84' lang='lat' dir='ltr'><strong>p.</strong></span> <span class='ocrx_word' id='word_1_176' title='bbox 2039 2735 2047 2752; x_wconf 93' lang='grc'><strong><em>·</em></strong></span> 
     </span>
     <span class='ocr_line' id='line_1_21' title="bbox 531 2799 1921 2906; baseline 0.003 -24"><span class='ocrx_word' id='word_1_177' title='bbox 531 2827 639 2898; x_wconf 76' lang='lat'>1242.</span> <span class='ocrx_word' id='word_1_178' title='bbox 687 2805 784 2878; x_wconf 85' lang='lat' dir='ltr'><strong>illam</strong></span> <span class='ocrx_word' id='word_1_179' title='bbox 797 2802 888 2878; x_wconf 86' lang='lat' dir='ltr'><strong>inter</strong></span> <span class='ocrx_word' id='word_1_180' title='bbox 905 2802 1013 2877; x_wconf 83' lang='lat' dir='ltr'><strong>varias</strong></span> <span class='ocrx_word' id='word_1_181' title='bbox 1029 2799 1170 2877; x_wconf 81' lang='lat' dir='ltr'><strong>schedas</strong></span> <span class='ocrx_word' id='word_1_182' title='bbox 1182 2801 1338 2878; x_wconf 78' lang='lat' dir='ltr'><strong>literaria:</strong></span> <span class='ocrx_word' id='word_1_183' title='bbox 1350 2802 1921 2906; x_wconf 65' lang='lat' dir='ltr'><strong>supelled‘tilisFrancisciTurriani</strong></span> 
     </span>
     <span class='ocr_line' id='line_1_22' title="bbox 525 2897 1919 3008; baseline 0.005 -29"><span class='ocrx_word' id='word_1_184' title='bbox 525 2901 567 2979; x_wconf 89' lang='lat' dir='ltr'><strong>in</strong></span> <span class='ocrx_word' id='word_1_185' title='bbox 579 2910 743 2977; x_wconf 80' lang='lat' dir='ltr'><strong>Latmum</strong></span> <span class='ocrx_word' id='word_1_186' title='bbox 760 2901 919 2991; x_wconf 70' lang='lat' dir='ltr'><strong>veriam,</strong></span> <span class='ocrx_word' id='word_1_187' title='bbox 947 2911 980 2977; x_wconf 77' lang='lat' dir='ltr'><strong>u</strong></span> <span class='ocrx_word' id='word_1_188' title='bbox 994 2900 1037 2976; x_wconf 90' lang='lat' dir='ltr'><strong>ab</strong></span> <span class='ocrx_word' id='word_1_189' title='bbox 1054 2899 1129 2999; x_wconf 91' lang='lat' dir='ltr'><strong>ipso</strong></span> <span class='ocrx_word' id='word_1_190' title='bbox 1143 2897 1318 2975; x_wconf 74' lang='lat' dir='ltr'><strong>&#39;l&#39;urriano</strong></span> <span class='ocrx_word' id='word_1_191' title='bbox 1333 2902 1370 2977; x_wconf 91' lang='lat' dir='ltr'><strong>in</strong></span> <span class='ocrx_word' id='word_1_192' title='bbox 1386 2903 1549 2980; x_wconf 86' lang='lat' dir='ltr'><strong>Latinum</strong></span> <span class='ocrx_word' id='word_1_193' title='bbox 1565 2904 1714 2993; x_wconf 89' lang='lat' dir='ltr'><strong>versam,</strong></span> <span class='ocrx_word' id='word_1_194' title='bbox 1740 2916 1773 2982; x_wconf 75' lang='grc' dir='ltr'><strong>δι</strong></span> <span class='ocrx_word' id='word_1_195' title='bbox 1786 2903 1828 2982; x_wconf 88' lang='lat' dir='ltr'><strong>ab</strong></span> <span class='ocrx_word' id='word_1_196' title='bbox 1844 2907 1919 3008; x_wconf 91' lang='lat' dir='ltr'><strong>ipso</strong></span> 
     </span>
     <span class='ocr_line' id='line_1_23' title="bbox 526 2998 1919 3104; baseline 0.002 -25"><span class='ocrx_word' id='word_1_197' title='bbox 526 3006 703 3079; x_wconf 83' lang='lat' dir='ltr'><strong>Turrrano</strong></span> <span class='ocrx_word' id='word_1_198' title='bbox 719 3024 783 3100; x_wconf 86' lang='lat' dir='ltr'><strong>pro</strong></span> <span class='ocrx_word' id='word_1_199' title='bbox 809 3003 858 3076; x_wconf 90' lang='lat' dir='ltr'><strong>ria</strong></span> <span class='ocrx_word' id='word_1_200' title='bbox 872 3025 980 3075; x_wconf 87' lang='lat' dir='ltr'><strong>manu</strong></span> <span class='ocrx_word' id='word_1_201' title='bbox 994 2998 1178 3100; x_wconf 86' lang='lat' dir='ltr'><strong>scriptam,</strong></span> <span class='ocrx_word' id='word_1_202' title='bbox 1208 3017 1379 3098; x_wconf 86' lang='lat' dir='ltr'><strong>repertam</strong></span> <span class='ocrx_word' id='word_1_203' title='bbox 1394 3015 1470 3078; x_wconf 92' lang='lat' dir='ltr'><strong>tum</strong></span> <span class='ocrx_word' id='word_1_204' title='bbox 1487 3003 1532 3076; x_wconf 91' lang='lat' dir='ltr'><strong>ob</strong></span> <span class='ocrx_word' id='word_1_205' title='bbox 1547 3001 1661 3104; x_wconf 91' lang='lat' dir='ltr'><strong>ipsum</strong></span> <span class='ocrx_word' id='word_1_206' title='bbox 1683 3004 1919 3100; x_wconf 85' lang='lat' dir='ltr'><strong>Turriauum,</strong></span> 
     </span>
     <span class='ocr_line' id='line_1_24' title="bbox 526 3027 1920 3194; baseline 0.003 -16"><span class='ocrx_word' id='word_1_207' title='bbox 526 3101 645 3178; x_wconf 90' lang='lat' dir='ltr'><strong>virum</strong></span> <span class='ocrx_word' id='word_1_208' title='bbox 660 3027 928 3191; x_wconf 73' lang='lat' dir='ltr'><strong>dotirsiimum,</strong></span> <span class='ocrx_word' id='word_1_209' title='bbox 956 3115 1034 3175; x_wconf 87' lang='lat' dir='ltr'><strong>tum</strong></span> <span class='ocrx_word' id='word_1_210' title='bbox 1046 3098 1093 3174; x_wconf 90' lang='lat' dir='ltr'><strong>ob</strong></span> <span class='ocrx_word' id='word_1_211' title='bbox 1107 3125 1142 3174; x_wconf 85' lang='lat' dir='ltr'><strong>ar</strong></span> <span class='ocrx_word' id='word_1_212' title='bbox 1171 3119 1357 3174; x_wconf 88' lang='lat' dir='ltr'><strong>umentum</strong></span> <span class='ocrx_word' id='word_1_213' title='bbox 1372 3106 1477 3178; x_wconf 88' lang='lat' dir='ltr'><strong>latere</strong></span> <span class='ocrx_word' id='word_1_214' title='bbox 1491 3105 1616 3180; x_wconf 87' lang='lat' dir='ltr'><strong>nolens</strong></span> <span class='ocrx_word' id='word_1_215' title='bbox 1632 3103 1822 3194; x_wconf 86' lang='lat' dir='ltr'><strong>Gretlerus,</strong></span> <span class='ocrx_word' id='word_1_216' title='bbox 1834 3129 1920 3182; x_wconf 89' lang='lat' dir='ltr'><strong>cum</strong></span> 
     </span>
     <span class='ocr_line' id='line_1_25' title="bbox 525 3196 1919 3282; baseline 0.004 -6"><span class='ocrx_word' id='word_1_217' title='bbox 525 3203 600 3276; x_wconf 76' lang='lat' dir='ltr'><strong>aliis</strong></span> <span class='ocrx_word' id='word_1_218' title='bbox 623 3197 833 3276; x_wconf 66' lang='lat' dir='ltr'><strong>Saniiorum</strong></span> <span class='ocrx_word' id='word_1_219' title='bbox 846 3196 1058 3275; x_wconf 76' lang='lat' dir='ltr'><strong>orationibus</strong></span> <span class='ocrx_word' id='word_1_220' title='bbox 1072 3199 1118 3273; x_wconf 88' lang='lat' dir='ltr'><strong>de</strong></span> <span class='ocrx_word' id='word_1_221' title='bbox 1162 3222 1245 3274; x_wconf 84' lang='lat' dir='ltr'><strong>tuce</strong></span> <span class='ocrx_word' id='word_1_222' title='bbox 1265 3222 1348 3274; x_wconf 85' lang='lat' dir='ltr'><strong>cum</strong></span> <span class='ocrx_word' id='word_1_223' title='bbox 1365 3199 1510 3276; x_wconf 87' lang='lat' dir='ltr'><strong>homilia</strong></span> <span class='ocrx_word' id='word_1_224' title='bbox 1530 3201 1700 3282; x_wconf 81' lang='lat' dir='ltr'><strong>Germani</strong></span> <span class='ocrx_word' id='word_1_225' title='bbox 1720 3201 1919 3282; x_wconf 79' lang='lat' dir='ltr'><strong>Paniarchae</strong></span> 
     </span>
     <span class='ocr_line' id='line_1_26' title="bbox 523 3273 2011 3526; baseline -0.003 -147"><span class='ocrx_word' id='word_1_226' title='bbox 523 3301 771 3379; x_wconf 82' lang='lat' dir='ltr'><strong>concinentem</strong></span> <span class='ocrx_word' id='word_1_227' title='bbox 787 3301 955 3376; x_wconf 85' lang='lat' dir='ltr'><strong>armexuit</strong></span> <span class='ocrx_word' id='word_1_228' title='bbox 968 3296 1088 3526; x_wconf 35' lang='lat' dir='ltr'><strong>istnc</strong></span> <span class='ocrx_word' id='word_1_229' title='bbox 1103 3315 1253 3374; x_wconf 86' lang='lat' dir='ltr'><strong>tautum.</strong></span> <span class='ocrx_word' id='word_1_230' title='bbox 1935 3273 2011 3363; x_wconf 79' lang='lat'><strong>4¹⁶</strong></span> 
     </span>
    </p>
   </div>
   <div class='ocr_carea' id='block_1_5' title="bbox 522 3426 2053 4231">
    <p class='ocr_par' dir='ltr' id='par_1_6' title="bbox 688 3426 1917 3538">
     <span class='ocr_line' id='line_1_27' title="bbox 688 3426 1917 3538; baseline -0.006 -32"><span class='ocrx_word' id='word_1_231' title='bbox 688 3438 904 3530; x_wconf 80' lang='lat' dir='ltr'><strong>Humiliam,</strong></span> <span class='ocrx_word' id='word_1_232' title='bbox 931 3440 973 3519; x_wconf 67' lang='grc' dir='ltr'><strong>εἰς</strong></span> <span class='ocrx_word' id='word_1_233' title='bbox 1004 3472 1035 3522; x_wconf 69' lang='lat' dir='ltr'><strong>qr</strong></span> <span class='ocrx_word' id='word_1_234' title='bbox 1047 3431 1148 3538; x_wconf 65' lang='grc' dir='ltr'><strong>α’ρχῆ.</strong></span> <span class='ocrx_word' id='word_1_235' title='bbox 1161 3435 1185 3506; x_wconf 64' lang='lat' dir='ltr'><strong>i</strong></span> <span class='ocrx_word' id='word_1_236' title='bbox 1200 3427 1332 3520; x_wconf 64' lang='lat' dir='ltr'><strong>lvitizios,</strong></span> <span class='ocrx_word' id='word_1_237' title='bbox 1355 3435 1423 3512; x_wconf 66' lang='grc' dir='ltr'><strong><em>η”τοι</em></strong></span> <span class='ocrx_word' id='word_1_238' title='bbox 1435 3426 1479 3508; x_wconf 72' lang='lat' dir='ltr'><strong>cti</strong></span> <span class='ocrx_word' id='word_1_239' title='bbox 1492 3429 1544 3507; x_wconf 75' lang='lat' dir='ltr'><strong>rt&#39;ti</strong></span> <span class='ocrx_word' id='word_1_240' title='bbox 1561 3426 1648 3516; x_wconf 55' lang='lat' dir='ltr'><strong>istuc.</strong></span> <span class='ocrx_word' id='word_1_241' title='bbox 1707 3440 1746 3510; x_wconf 84' lang='lat' dir='ltr'><strong>In</strong></span> <span class='ocrx_word' id='word_1_242' title='bbox 1768 3437 1917 3514; x_wconf 70' lang='lat' dir='ltr'><strong>indicito.</strong></span> 
     </span>
    </p>

    <p class='ocr_par' dir='ltr' id='par_1_7' title="bbox 522 3534 2053 4231">
     <span class='ocr_line' id='line_1_28' title="bbox 527 3534 2053 3638; baseline 0.006 -29"><span class='ocrx_word' id='word_1_243' title='bbox 527 3539 655 3632; x_wconf 76' lang='lat' dir='ltr'><strong>nisſsve</strong></span> <span class='ocrx_word' id='word_1_244' title='bbox 667 3541 757 3609; x_wconf 73' lang='lat' dir='ltr'><strong>Arna</strong></span> <span class='ocrx_word' id='word_1_245' title='bbox 764 3549 978 3638; x_wconf 73' lang='lat' dir='ltr'><strong>principium,</strong></span> <span class='ocrx_word' id='word_1_246' title='bbox 1010 3541 1129 3614; x_wconf 76' lang='lat' dir='ltr'><strong>Gracc</strong></span> <span class='ocrx_word' id='word_1_247' title='bbox 1143 3541 1182 3613; x_wconf 68' lang='grc' dir='ltr'><strong>δι’</strong></span> <span class='ocrx_word' id='word_1_248' title='bbox 1194 3535 1315 3611; x_wconf 84' lang='lat' dir='ltr'><strong>latine</strong></span> <span class='ocrx_word' id='word_1_249' title='bbox 1331 3535 1441 3611; x_wconf 81' lang='lat' dir='ltr'><strong>edidit</strong></span> <span class='ocrx_word' id='word_1_250' title='bbox 1458 3534 1644 3631; x_wconf 78' lang='lat' dir='ltr'><strong>Dionysius</strong></span> <span class='ocrx_word' id='word_1_251' title='bbox 1660 3535 1817 3612; x_wconf 85' lang='lat' dir='ltr'><strong>Pelavius</strong></span> <span class='ocrx_word' id='word_1_252' title='bbox 1833 3562 1916 3618; x_wconf 90' lang='lat' dir='ltr'><strong>cum</strong></span> <span class='ocrx_word' id='word_1_253' title='bbox 2051 3589 2053 3594; x_wconf 94' lang='lat'>·</span> 
     </span>
     <span class='ocr_line' id='line_1_29' title="bbox 526 3633 1915 3736; baseline -0.003 -21"><span class='ocrx_word' id='word_1_254' title='bbox 526 3633 701 3715; x_wconf 84' lang='lat' dir='ltr'><strong>Breviario</strong></span> <span class='ocrx_word' id='word_1_255' title='bbox 714 3635 885 3712; x_wconf 88' lang='lat' dir='ltr'><strong>Historico</strong></span> <span class='ocrx_word' id='word_1_256' title='bbox 898 3635 1088 3736; x_wconf 86' lang='lat' dir='ltr'><strong>Nicephori</strong></span> <span class='ocrx_word' id='word_1_257' title='bbox 1108 3635 1306 3712; x_wconf 81' lang='lat' dir='ltr'><strong>Patriarchae</strong></span> <span class='ocrx_word' id='word_1_258' title='bbox 1330 3635 1505 3709; x_wconf 82' lang='lat' dir='ltr'><strong>CPolitanr</strong></span> <span class='ocrx_word' id='word_1_259' title='bbox 1525 3643 1556 3709; x_wconf 77' lang='lat' dir='ltr'><strong>br</strong></span> <span class='ocrx_word' id='word_1_260' title='bbox 1577 3633 1676 3720; x_wconf 87' lang='lat' dir='ltr'><strong>airis,</strong></span> <span class='ocrx_word' id='word_1_261' title='bbox 1714 3636 1810 3711; x_wconf 88' lang='lat' dir='ltr'><strong>Paris.</strong></span> <span class='ocrx_word' id='word_1_262' title='bbox 1826 3637 1864 3711; x_wconf 88' lang='lat' dir='ltr'><strong>in</strong></span> <span class='ocrx_word' id='word_1_263' title='bbox 1878 3651 1915 3726; x_wconf 86' lang='lat'><strong>8.</strong></span> 
     </span>
     <span class='ocr_line' id='line_1_30' title="bbox 528 3729 1916 3834; baseline -0.001 -19"><span class='ocrx_word' id='word_1_264' title='bbox 528 3739 626 3815; x_wconf 83' lang='lat'>1616</span> <span class='ocrx_word' id='word_1_265' title='bbox 692 3739 778 3809; x_wconf 83' lang='lat' dir='ltr'><strong>Eam</strong></span> <span class='ocrx_word' id='word_1_266' title='bbox 793 3732 827 3808; x_wconf 89' lang='lat' dir='ltr'><strong>se</strong></span> <span class='ocrx_word' id='word_1_267' title='bbox 844 3760 926 3809; x_wconf 90' lang='lat' dir='ltr'><strong>cum</strong></span> <span class='ocrx_word' id='word_1_268' title='bbox 939 3733 1097 3833; x_wconf 86' lang='lat' dir='ltr'><strong>piurimis</strong></span> <span class='ocrx_word' id='word_1_269' title='bbox 1110 3735 1182 3808; x_wconf 84' lang='lat' dir='ltr'><strong>aliis</strong></span> <span class='ocrx_word' id='word_1_270' title='bbox 1196 3729 1354 3829; x_wconf 85' lang='lat' dir='ltr'><strong>ejusdem</strong></span> <span class='ocrx_word' id='word_1_271' title='bbox 1368 3731 1537 3832; x_wconf 85' lang='lat' dir='ltr'><strong>scriptoris</strong></span> <span class='ocrx_word' id='word_1_272' title='bbox 1550 3731 1612 3807; x_wconf 91' lang='lat' dir='ltr'><strong>sub</strong></span> <span class='ocrx_word' id='word_1_273' title='bbox 1626 3735 1787 3834; x_wconf 83' lang='lat' dir='ltr'><strong>Gregorii</strong></span> <span class='ocrx_word' id='word_1_274' title='bbox 1801 3735 1916 3813; x_wconf 90' lang='lat' dir='ltr'><strong>nomi·</strong></span> 
     </span>
     <span class='ocr_line' id='line_1_31' title="bbox 526 3829 1915 3936; baseline 0.005 -29"><span class='ocrx_word' id='word_1_275' title='bbox 526 3856 575 3907; x_wconf 87' lang='lat' dir='ltr'><strong>ne</strong></span> <span class='ocrx_word' id='word_1_276' title='bbox 587 3833 749 3908; x_wconf 89' lang='lat' dir='ltr'><strong>nondum</strong></span> <span class='ocrx_word' id='word_1_277' title='bbox 765 3831 916 3935; x_wconf 82' lang='lat' dir='ltr'><strong>vulgatis</strong></span> <span class='ocrx_word' id='word_1_278' title='bbox 934 3830 1096 3936; x_wconf 74' lang='lat' dir='ltr'><strong>iJucobo</strong></span> <span class='ocrx_word' id='word_1_279' title='bbox 1111 3831 1300 3908; x_wconf 90' lang='lat' dir='ltr'><strong>Sirmundo</strong></span> <span class='ocrx_word' id='word_1_280' title='bbox 1315 3829 1478 3932; x_wconf 85' lang='lat' dir='ltr'><strong>accepisse</strong></span> <span class='ocrx_word' id='word_1_281' title='bbox 1499 3831 1623 3908; x_wconf 89' lang='lat' dir='ltr'><strong>fatetur</strong></span> <span class='ocrx_word' id='word_1_282' title='bbox 1643 3831 1739 3906; x_wconf 91' lang='lat' dir='ltr'><strong>idem</strong></span> <span class='ocrx_word' id='word_1_283' title='bbox 1754 3835 1915 3915; x_wconf 85' lang='lat' dir='ltr'><strong>Petavius</strong></span> 
     </span>
     <span class='ocr_line' id='line_1_32' title="bbox 525 3929 1915 4035; baseline 0.003 -28"><span class='ocrx_word' id='word_1_284' title='bbox 525 3929 564 4007; x_wconf 91' lang='lat' dir='ltr'><strong>in</strong></span> <span class='ocrx_word' id='word_1_285' title='bbox 577 3945 668 4004; x_wconf 86' lang='lat' dir='ltr'><strong>notrs</strong></span> <span class='ocrx_word' id='word_1_286' title='bbox 682 3959 762 4032; x_wconf 80' lang='lat' dir='ltr'><strong>pag.</strong></span> <span class='ocrx_word' id='word_1_287' title='bbox 782 3957 838 4010; x_wconf 81' lang='grc' dir='ltr'><strong>ιο.</strong></span> <span class='ocrx_word' id='word_1_288' title='bbox 890 3937 934 4008; x_wconf 81' lang='lat' dir='ltr'><strong>Fr</strong></span> <span class='ocrx_word' id='word_1_289' title='bbox 950 3959 1031 4008; x_wconf 90' lang='lat' dir='ltr'><strong>cum</strong></span> <span class='ocrx_word' id='word_1_290' title='bbox 1044 3931 1254 4007; x_wconf 87' lang='lat' dir='ltr'><strong>Sinnundus</strong></span> <span class='ocrx_word' id='word_1_291' title='bbox 1274 3931 1411 4006; x_wconf 90' lang='lat' dir='ltr'><strong>illarum</strong></span> <span class='ocrx_word' id='word_1_292' title='bbox 1433 3929 1626 4006; x_wconf 86' lang='lat' dir='ltr'><strong>editionem</strong></span> <span class='ocrx_word' id='word_1_293' title='bbox 1645 3929 1765 4006; x_wconf 86' lang='lat' dir='ltr'><strong>crebro</strong></span> <span class='ocrx_word' id='word_1_294' title='bbox 1783 3935 1915 4035; x_wconf 85' lang='lat' dir='ltr'><strong>flagita·</strong></span> 
     </span>
     <span class='ocr_line' id='line_1_33' title="bbox 525 4029 1914 4134; baseline 0.005 -29"><span class='ocrx_word' id='word_1_295' title='bbox 525 4044 600 4112; x_wconf 86' lang='lat' dir='ltr'><strong>ret,</strong></span> <span class='ocrx_word' id='word_1_296' title='bbox 628 4043 666 4102; x_wconf 90' lang='lat' dir='ltr'><strong>ut</strong></span> <span class='ocrx_word' id='word_1_297' title='bbox 679 4030 710 4102; x_wconf 78' lang='lat' dir='ltr'><strong>ci</strong></span> <span class='ocrx_word' id='word_1_298' title='bbox 725 4031 838 4133; x_wconf 62' lang='lat' dir='ltr'><strong>aliqua</strong></span> <span class='ocrx_word' id='word_1_299' title='bbox 854 4059 895 4107; x_wconf 85' lang='lat' dir='ltr'><strong>er</strong></span> <span class='ocrx_word' id='word_1_300' title='bbox 912 4055 1006 4128; x_wconf 83' lang='lat' dir='ltr'><strong>parre</strong></span> <span class='ocrx_word' id='word_1_301' title='bbox 1021 4030 1224 4107; x_wconf 69' lang='lat' dir='ltr'><strong>iitirfaceret</strong></span> <span class='ocrx_word' id='word_1_302' title='bbox 1249 4089 1260 4122; x_wconf 94' lang='lat'><strong>,</strong></span> <span class='ocrx_word' id='word_1_303' title='bbox 1300 4031 1391 4107; x_wconf 88' lang='lat' dir='ltr'><strong>hanc</strong></span> <span class='ocrx_word' id='word_1_304' title='bbox 1405 4029 1516 4106; x_wconf 88' lang='lat' dir='ltr'><strong>veluti</strong></span> <span class='ocrx_word' id='word_1_305' title='bbox 1534 4029 1713 4131; x_wconf 84' lang='lat' dir='ltr'><strong>specimen</strong></span> <span class='ocrx_word' id='word_1_306' title='bbox 1731 4033 1914 4134; x_wconf 85' lang='lat' dir='ltr'><strong>quoddam</strong></span> 
     </span>
     <span class='ocr_line' id='line_1_34' title="bbox 522 4124 1183 4231; baseline 0.005 -26"><span class='ocrx_word' id='word_1_307' title='bbox 522 4124 767 4212; x_wconf 71' lang='lat' dir='ltr'><strong>Indiciionum</strong></span> <span class='ocrx_word' id='word_1_308' title='bbox 784 4129 962 4207; x_wconf 88' lang='lat' dir='ltr'><strong>occasione</strong></span> <span class='ocrx_word' id='word_1_309' title='bbox 975 4128 1183 4231; x_wconf 77' lang='lat' dir='ltr'><strong>pramifisse.</strong></span> 
     </span>
    </p>
   </div>
   <div class='ocr_carea' id='block_1_6' title="bbox 517 4259 1915 4664">
    <p class='ocr_par' dir='ltr' id='par_1_8' title="bbox 517 4259 1915 4664">
     <span class='ocr_line' id='line_1_35' title="bbox 685 4259 1915 4367; baseline 0.005 -31"><span class='ocrx_word' id='word_1_310' title='bbox 685 4262 830 4347; x_wconf 77' lang='lat' dir='ltr'><strong>Scorruci</strong></span> <span class='ocrx_word' id='word_1_311' title='bbox 844 4261 987 4339; x_wconf 81' lang='lat' dir='ltr'><strong>tandem</strong></span> <span class='ocrx_word' id='word_1_312' title='bbox 1000 4288 1037 4336; x_wconf 87' lang='lat' dir='ltr'><strong>m</strong></span> <span class='ocrx_word' id='word_1_313' title='bbox 1054 4259 1264 4338; x_wconf 83' lang='lat' dir='ltr'><strong>Bibliotheca</strong></span> <span class='ocrx_word' id='word_1_314' title='bbox 1278 4261 1384 4364; x_wconf 83' lang='lat' dir='ltr'><strong>Regia</strong></span> <span class='ocrx_word' id='word_1_315' title='bbox 1401 4264 1589 4362; x_wconf 82' lang='lat' dir='ltr'><strong>leguntur:</strong></span> <span class='ocrx_word' id='word_1_316' title='bbox 1618 4263 1761 4367; x_wconf 65' lang='lat' dir='ltr'><strong>rmopia</strong></span> <span class='ocrx_word' id='word_1_317' title='bbox 1777 4261 1915 4342; x_wconf 71' lang='lat' dir='ltr'><strong>incat-</strong></span> 
     </span>
     <span class='ocr_line' id='line_1_36' title="bbox 520 4357 1914 4481; baseline 0.009 -53"><span class='ocrx_word' id='word_1_318' title='bbox 520 4391 572 4439; x_wconf 66' lang='grc' dir='ltr'>η</span> <span class='ocrx_word' id='word_1_319' title='bbox 584 4369 797 4470; x_wconf 44' lang='grc' dir='ltr'><strong>Ἰῖαυρσκᾉίος</strong></span> <span class='ocrx_word' id='word_1_320' title='bbox 829 4365 848 4433; x_wconf 69' lang='lat'><strong>1⁵</strong></span> <span class='ocrx_word' id='word_1_321' title='bbox 879 4365 1021 4441; x_wconf 54' lang='grc' dir='ltr'><strong>Σικελίας</strong></span> <span class='ocrx_word' id='word_1_322' title='bbox 1043 4374 1171 4436; x_wconf 69' lang='lat' dir='ltr'><strong>‘aurion</strong></span> <span class='ocrx_word' id='word_1_323' title='bbox 1197 4361 1278 4436; x_wconf 79' lang='lat' dir='ltr'><strong>or’ati</strong></span> <span class='ocrx_word' id='word_1_324' title='bbox 1305 4371 1345 4435; x_wconf 79' lang='lat' dir='ltr'><strong>cti</strong></span> <span class='ocrx_word' id='word_1_325' title='bbox 1360 4357 1572 4460; x_wconf 57' lang='lat' dir='ltr'><strong>martiaulae.</strong></span> <span class='ocrx_word' id='word_1_326' title='bbox 1597 4457 1603 4472; x_wconf 35' lang='grc' dir='ltr'><strong><em>ι</em></strong></span> <span class='ocrx_word' id='word_1_327' title='bbox 1627 4367 1772 4460; x_wconf 78' lang='lat' dir='ltr'><strong>Gregorii</strong></span> <span class='ocrx_word' id='word_1_328' title='bbox 1790 4367 1914 4481; x_wconf 50' lang='lat' dir='ltr'><strong>{pisto-</strong></span> 
     </span>
     <span class='ocr_line' id='line_1_37' title="bbox 517 4467 1914 4664; baseline 0.006 -128"><span class='ocrx_word' id='word_1_329' title='bbox 517 4474 556 4563; x_wconf 65' lang='grc' dir='ltr'><strong>ρι’</strong></span> <span class='ocrx_word' id='word_1_330' title='bbox 576 4475 762 4542; x_wconf 76' lang='lat' dir='ltr'><strong>&#39;toaromim&#39;</strong></span> <span class='ocrx_word' id='word_1_331' title='bbox 781 4469 894 4541; x_wconf 75' lang='lat' dir='ltr'><strong>Sicilia</strong></span> <span class='ocrx_word' id='word_1_332' title='bbox 907 4469 1055 4542; x_wconf 78' lang='lat' dir='ltr'><strong>Homrliae</strong></span> <span class='ocrx_word' id='word_1_333' title='bbox 1066 4467 1401 4644; x_wconf 50' lang='lat' dir='ltr'><strong>exArciirrugpclgL.</strong></span> <span class='ocrx_word' id='word_1_334' title='bbox 1417 4489 1491 4662; x_wconf 63' lang='lat' dir='ltr'><strong>pq.</strong></span> <span class='ocrx_word' id='word_1_335' title='bbox 1509 4467 1573 4546; x_wconf 79' lang='grc' dir='ltr'><strong>Ν.</strong></span> <span class='ocrx_word' id='word_1_336' title='bbox 1588 4492 1616 4546; x_wconf 80' lang='lat' dir='ltr'><strong>r.</strong></span> <span class='ocrx_word' id='word_1_337' title='bbox 1633 4468 1914 4664; x_wconf 50' lang='grc' dir='ltr'><strong>16.ν1.γμῖλ;;</strong></span> 
     </span>
    </p>
   </div>
   <div class='ocr_carea' id='block_1_7' title="bbox 0 0 2450 5667">
    <p class='ocr_par' dir='ltr' id='par_1_9' title="bbox 0 0 2450 5667">
     <span class='ocr_line' id='line_1_38' title="bbox 0 0 2450 5667; baseline 0 9"><span class='ocrx_word' id='word_1_338' title='bbox 0 0 2450 5667; x_wconf 95' lang='lat' dir='ltr'><strong> </strong></span> 
     </span>
    </p>
   </div>
  </div>
 </body>
</html>
