4892 5667
1017 903 1434 988 HAMARTOLUS.
1844 915 1919 1013 ⁶47

528 1057 668 1137 tiorum,
697 1057 875 1147 artiumque
895 1069 947 1145 ope
963 1050 1068 1121 adiuti
1083 1107 1094 1141 ,
1115 1075 1178 1122 non
1194 1077 1234 1120 ex
1249 1055 1392 1141 Grecis,
1419 1053 1639 1150 ueteribusque
1650 1043 1756 1146 solum
1769 1057 1916 1156 historiis,

517 1148 587 1244 sed
604 1174 643 1218 ex
664 1158 884 1236 recentiorum,
904 1173 958 1218 uec
977 1157 1110 1222 mc'sroris
1127 1147 1391 1243 aflincandorum,
1413 1151 1568 1247 planeque
1588 1151 1781 1226 cordatorum
1794 1159 1915 1232 Aulio.

527 1273 603 1320 rum
616 1255 862 1334 commentariis,
889 1250 1075 1337 annalibus,
1100 1247 1255 1344 historiis,
1281 1247 1492 1344 elallriuisque
1505 1255 1608 1332 auimo
1616 1247 1764 1344 proficuis
1773 1279 1915 1334 accurate

525 1343 633 1442 &pro
645 1354 786 1433 virium,
801 1344 1038 1443 studiorumque
1049 1345 1219 1442 nostrorum
1229 1347 1354 1418 modulo
1364 1353 1465 1445 juxta
1480 1347 1541 1416 Dei
1554 1351 1713 1436 timorem,
1735 1355 1914 1428 annalium.

512 1469 588 1544 quc
592 1444 709 1536 fidem,
732 1447 813 1512 bunc
830 1445 1085 1542 qualemcumque
1097 1453 1243 1537 exiguum
1242 1444 1342 1539 sam,
1367 1445 1672 1538 &contemptibilem
1689 1445 1834 1518 libellum
1857 1479 1917 1524 ex.

525 1545 701 1640 cerpſsmus.
754 1543 1033 1638 Itaquepaucisex
1045 1544 1172 1631 multis,
1192 1568 1261 1639 quo
1274 1545 1369 1616 utilia
1387 1541 1439 1642 effe
1451 1539 1589 1641 poffunt,
1607 1541 1751 1636 seleflis,
1777 1543 1815 1622 ὅ
1827 1551 1913 1624 labo.

523 1641 786 1736 riojedispcfitis,
811 1641 950 1726 nudam,
971 1649 1362 1737 apertamqueveritatem,
1382 1641 1724 1732 attenullafucatam,
1739 1641 1909 1744 neceffaria,

508 1731 565 1838 ‘Q
576 1741 672 1810 utilia
684 1759 810 1810 tantum
823 1749 1026 1810 continentem
1028 1739 1234 1832 summatim,
1260 1746 1469 1829 utarbitrar,
1495 1735 1533 1814 ὅ
1554 1760 1673 1837 quanta
1694 1741 1772 1832 fieri
1792 1745 1910 1842 perspi·

507 1837 760 1934 acicaupuesi,
786 1831 956 1932 effluimus.
1004 1836 1164 1935 Siquidem
1170 1838 1296 1935 ptuslat
1305 1866 1382 1910 vera
1395 1841 1455 1912 uel
1459 1838 1655 1909 balbutiendo
1669 1839 1786 1929 dicere,
1813 1869 1909 1938 quam

523 1939 690 2010 Platonem
702 1933 864 2026 referendo
875 1936 1032 2027 infigniter
1045 1945 1181 2008 mentiri.
1234 1941 1352 2035 Neque
1357 1937 1508 2033 fluentem
1524 1992 1534 2024 ,
1559 1940 1683 2034 lateque
1695 1963 1861 2032 vagantem
1875 1970 1907 2014 o·

523 2043 678 2108 tationem
690 2034 903 2119 admiramur,
917 2033 980 2126 sed
990 2059 1056 2130 qua
1070 2038 1170 2104 multu
1185 2038 1274 2106 breui
1286 2038 1450 2107 uerborum
1463 2037 1582 2106 aucbitu
1594 2036 1821 2130 compleblitur,
1838 2064 1907 2111 cou-
1919 2071 1988 2148 333

523 2132 689 2232 italiaque
699 2129 881 2230 necefftnia,
904 2135 1059 2230 utiliaque
1078 2135 1211 2204 ubertim
1224 2131 1467 2231 suppeditando,
1491 2133 1529 2202 ab
1546 2133 1689 2221 invidia,
1711 2133 1844 2210 &orsini
1858 2140 1907 2232 of-

523 2232 616 2326 senfin
628 2232 714 2330 apud
721 2231 854 2327 posteros
867 2231 983 2319 lc‘bera,
1008 2235 1107 2302 multo
1119 2236 1253 2304 alacrior
1267 2234 1322 2330 cst,
1350 2233 1388 2310 [ὅ
1398 2231 1549 2306 uiuidior.
1594 2235 1744 2302 Pretercu
1766 2244 1821 2330 qui
1835 2258 1907 2308 tan·

523 2356 625 2430 quam
629 2339 727 2428 periti
740 2327 924 2416 admodum,
950 2335 1118 2425 optimique
1126 2329 1285 2425 spiritalia
1292 2333 1545 2430 jrcxtaspiriturn
1566 2338 1827 2424 interpretantur,
1851 2363 1905 2406 ex·

523 2437 689 2518 eminant,
711 2450 804 2524 atque
817 2431 995 2523 explorant,
1012 2425 1171 2520 sermones
1183 2430 1222 2500 de
1234 2430 1356 2501 divinis
1372 2435 1463 2502 rebus
1476 2453 1536 2497 uon
1552 2437 1716 2526 requirunt
1729 2432 1768 2498 ab
1778 2432 1904 2529 illustri,

516 2527 665 2624 fiuuato,
684 2532 905 2622 turbinataque
923 2521 1076 2612 diuisae,
1100 2526 1266 2620 artificiosa
1280 2555 1342 2600 :orn
1363 2533 1509 2624 osttiorce,
1533 2531 1706 2625 elegantiqu
1764 2537 1904 2600 erborum

525 2629 696 2715 hirocinii,
720 2627 832 2725 quibus
844 2625 1021 2692 vehementi
1033 2621 1157 2694 dicendi
1169 2632 1224 2712 ui,
1250 2551 1361 2696 callieb
1367 2629 1436 2720 ifli,
1442 2623 1661 2720 facundiaque
1670 2645 1710 2720 pr
1775 2647 1855 2708 ntes,
1866 2649 1903 2697 ut

516 2723 636 2820 scripta
648 2735 788 2810 incaute,
814 2721 1037 2816 oscitanterqne
1042 2740 1259 2816 percurrentes
1273 2723 1406 2806 fallant,
1431 2719 1476 2789 ad
1486 2718 1679 2789 mendacium
1693 2723 1906 2795 occrcltandum

516 2820 724 2922 saep'eunmero
737 2823 930 2894 abutuntur:
944 2816 1056 2910 sedai
1069 2844 1125 2906 eu,
1152 2822 1243 2915 cujus
1255 2818 1295 2914 eft
1308 2818 1465 2913 conspicua
1484 2823 1630 2903 veritas,
1656 2819 1776 2908 tametfi
1795 2821 1905 2893 barba·

523 2929 589 3012 rie,
610 2920 833 3014 acsoloecismis
843 2919 940 3012 plena
949 2915 1006 3008 fit.
1055 2917 1161 2986 Habes
1178 2925 1287 3013 itaque
1301 2923 1446 3014 quisquis
1466 2918 1526 2985 lsuc
1537 2914 1651 3006 concisa
1665 2921 1792 2985 minime
1805 2929 1905 2990 turio·

512 3019 595 3114 sus,
613 3017 651 3094 bb
663 3021 702 3090 ab
714 3014 941 3107 omuisraude‚
963 3039 999 3084 ac
1008 3013 1140 3102 fallacia
1154 3018 1298 3102 alienus,
1313 3012 1473 3107 fideliter,
1486 3010 1738 3110 prudenterque,
1752 3012 1790 3092 θ’
1802 3024 1904 3091 incar·

519 3139 611 3214 rupte
632 3119 788 3213 perlegis,
818 3115 974 3186 ldolorum
992 3121 1206 3204 inventiones,
1224 3114 1431 3209 fomentaque
1451 3137 1555 3184 earum
1581 3111 1692 3184 callide
1720 3126 1902 3208 excogitata,

523 3219 703 3288 Gentilium
718 3217 807 3284 Pbilo
822 3215 966 3308 oplsorum
978 3211 1199 3300 deliramenta,
1223 3213 1374 3301 fabellas,
1401 3217 1663 3306 ceremoniasque,
1692 3209 1841 3304 discordes
1853 3223 1902 3286 in·

510 3313 629 3408 super,
656 3338 691 3381 ac
695 3311 887 3408 portentosas
898 3319 1070 3407 opiniones,
1096 3311 1290 3404 diversarum
1302 3320 1444 3404 gentium
1458 3313 1617 3408 instituta,
1639 3313 1774 3381 Deorum
1795 3316 1902 3383 multi·

513 3413 705 3508 plicitatem,
732 3417 789 3482 vel
797 3433 833 3480 ut
846 3419 953 3481 verius
965 3410 1082 3497 dicam,
1097 3419 1303 3506 impietatem,
1313 3411 1549 3507 sententiasque
1554 3407 1730 3503 perversas.
1784 3413 1901 3500 Habes,

519 3527 557 3580 ott
568 3511 667 3599 alege
679 3510 831 3602 solitarie
850 3519 926 3579 vitu
945 3519 1065 3603 coeperit
1084 3511 1254 3605 instituerim
1279 3535 1346 3606 qua
1362 3509 1473 3579 deinde
1488 3537 1527 3579 ex
1543 3508 1655 3602 Cbrissi
1674 3517 1744 3580 uita
1763 3519 1901 3581 omniurn

521 3613 654 3704 optima,
679 3634 714 3679 ac
727 3607 870 3679 dollrina
883 3615 1086 3696 eminentior,
1113 3609 1279 3705 illustrior,
1302 3610 1495 3705 ampliorque
1508 3608 1605 3678 multo
1619 3603 1726 3702 cffclia
1739 3608 1789 3704 eft.
1839 3613 1904 3677 His

517 3705 611 3802 pluro
623 3731 677 3777 nec
687 3715 783 3776 unius
791 3714 915 3800 generis
925 3733 1066 3795 anocexa,
1091 3733 1155 3804 qua
1165 3707 1359 3779 cordatorum
1372 3714 1515 3777 virorum
1528 3763 1538 3797 ‚
1553 3705 1693 3800 rebleque
1697 3705 1901 3796 sentientium

525 3809 639 3876 mimir
641 3807 803 3897 salutaria
827 3825 884 3882 snt,
937 3807 1046 3874 Habes
1051 3825 1227 3898 praterea,
1252 3826 1290 3874 ut
1308 3813 1476 3892 immanis,
1502 3811 1614 3896 impia,
1629 3805 1901 3898 detestabilis,fal·

522 3903 638 4001 lexque
650 3908 897 3976 Municbuorum
911 3905 1012 3971 rabies
1029 3922 1156 3989 exorta,
1178 3923 1217 3971 ut
1232 3929 1271 3972 esc
1283 3929 1334 3990 eo,
1365 3925 1516 4000 tunquam
1529 3927 1569 3972 ex
1588 3898 1698 3972 rabida
1716 3929 1790 3973 cane
1802 3903 1900 3994 scele-

514 3999 735 4098 sso'sfimorum,
757 4013 879 4099 otioque
897 3999 1067 4095 trupisfime
1085 4001 1277 4071 abutentium
1291 4002 1554 4072 lconornacborum
1574 4002 1822 4098 barestsstupida
1843 4005 1899 4073 illa

518 4100 660 4196 quidem,
689 4106 923 4198 morborumque
934 4107 1071 4168 oninium
1079 4100 1328 4194 perniciofisfima
1343 4109 1495 4198 eruperit,
1522 4099 1559 4173 (Ξῖ
1576 4121 1729 4194 quatenus
1745 4099 1899 4198 grafficta:

518 4201 658 4294 utipfius
670 4202 830 4287 itullores,
853 4226 906 4269 nec
924 4225 986 4268 non
1000 4205 1093 4291 paria
1104 4197 1304 4291 sentientes,
1330 4198 1563 4292 defensoresque
1577 4199 1616 4266 ab
1638 4202 1815 4270 Ortbadoxa
1837 4199 1900 4288 fida

512 4307 645 4394 penitus
664 4301 788 4390 auulsas
805 4325 868 4370 notu
890 4323 957 4368 curn
982 4322 1085 4366 eornm
1096 4297 1240 4392 scriptis,
1269 4294 1306 4372 l‘o‘
1324 4299 1516 4368 concionibus
1535 4296 1778 4392 diuinajussitia
1797 4301 1900 4396 quast·

517 4397 645 4490 tisſsmis
655 4397 790 4497 subjecit
805 4408 915 4494 pascis.
971 4395 1191 4486 Ofruudem,
1217 4397 1432 4492 imposturam,
1466 4421 1500 4463 ac
1525 4395 1728 4466 vecordiam!
1756 4417 1901 4495 proquo

515 4505 641 4566 aetertus
668 4500 791 4589 ignibus
816 4506 925 4569 merita
947 4495 1059 4567 traditi
1079 4493 1165 4584 sunt.
1214 4496 1410 4566 Irridendam
1435 4494 1557 4588 insuper
1575 4495 1723 4589 stultam,
1750 4523 1785 4565 ac
1804 4497 1902 4585 scele-

516 4594 637 4686 rosam'
665 4601 890 4668 Saracenorum
915 4595 1170 4691 persnafirnem,
1206 4595 1438 4691 belluirnnnqne
1463 4595 1595 4664 vivendi
1620 4595 1768 4682 modurn,
1810 4593 1847 4669 bi
1865 4616 1901 4662 nt

512 4715 620 4764 ertum
657 4695 766 4790 fabiis
808 4697 1001 4792 Propheta,
1055 4701 1257 4793 gentiumque
1319 4692 1461 4788 sedulior
1516 4691 1690 4768 doblrinam
1737 4714 1900 4862 perpcrlqm

1809 4816 1839 4862 ca
1885 4831 1899 4846 ·
