4892 5667
524 844 600 930 298
1013 830 1248 907 SIMEONES
1267 830 1415 910 vem.
1654 825 1724 900 Lib·
1735 823 1923 928 acapna.

524 931 1568 968 w
1628 961 1636 976 ·

524 975 671 1060 Simeon
682 977 807 1054 Setbus
826 973 1104 1054 Protevestiarius
1119 972 1158 1046 in
1169 972 1298 1074 patat'ro
1311 966 1479 1048 Antiochi
1497 969 1918 1075 consummatior.

628 1077 689 1156 Vl.
702 1087 878 1177 pag.46o.
897 1085 977 1170 158.
1005 1077 1101 1148 Atlat.
1115 1097 1196 1175 pag.
1215 1081 1391 1166 181·184·
1443 1072 1496 1145 De
1512 1067 1581 1142 hoc
1600 1063 1702 1178 infra.
1841 1149 1846 1156 ,
1909 1153 1911 1158 ,

526 1174 671 1254 Simeon
686 1175 835 1252 Studitcs
849 1176 1021 1250 sacrorum
1036 1170 1263 1247 Canticorum
1275 1169 1416 1259 aanor,
1443 1166 1489 1244 de
1502 1190 1575 1269 quo
1589 1168 1729 1242 altanus
1749 1191 1787 1268 p.
1802 1187 1868 1268 ²3·

526 1280 649 1348 Simeon
662 1275 803 1347 Studiter
816 1278 912 1363 alter,
930 1271 1117 1367 saniiirntis
1133 1272 1227 1344 laude
1240 1273 1259 1341 d
1273 1277 1415 1344 Simeone
1428 1270 1549 1341 Abdere
1561 1268 1598 1348 S.
1610 1268 1795 1342 Mamur&
1807 1273 1918 1372 5an-

628 1378 740 1446 locerco
757 1381 846 1446 Orat.
860 1395 921 1472 32.
935 1375 1116 1452 celebratur,
1134 1369 1180 1446 id.
1233 1367 1323 1446 infra
1343 1393 1379 1467 p.
1396 1385 1482 1460 301.

527 1471 707 1551 Simeones
732 1471 863 1570 Stylitae
883 1486 968 1582 troo,
993 1469 1119 1546 saeculo
1141 1472 1186 1546 V.
1212 1476 1246 1546 δι
1270 1469 1332 1545 Vl.
1350 1464 1395 1541 de
1420 1460 1549 1567 quibus
1572 1461 1723 1544 vorum
1736 1467 1805 1566 ix.
1838 1493 1916 1574 pag.

622 1594 798 1669 277-279·
847 1573 996 1646 Allatrus
1021 1591 1102 1678 pag·
1122 1575 1236 1659 6-23..
1448 1657 1456 1674 ·

525 1669 671 1751 Simeon
695 1665 1121 1769 Thavmaturgur‚1dem
1149 1663 1283 1742 fortasse
1311 1686 1395 1741 cum
1423 1663 1588 1739 Srmeone
1614 1662 1771 1742 secundo
1798 1665 1916 1766 stylite

618 1767 914 1846 Thavmastorita.
986 1763 1073 1862 Ejus
1100 1765 1295 1866 Epistolam
1323 1761 1369 1842 ad
1389 1760 1556 1856 imitato
1575 1763 1760 1866 quendam
1782 1789 1914 1846 merno-

622 1881 672 1944 rat
687 1865 830 1943 Allatius
856 1891 935 1968 pag·
955 1886 1035 1960 179.
1049 1861 1120 1966 seq.

528 1965 673 2045 Simeon
691 1968 899 2066 Theologus
916 1963 1056 2062 junior,
1083 1961 1357 2068 dMetaphraste
1382 1958 1537 2039 diversus
1563 2019 1574 2054 ‚
1612 1962 1722 2048 Allar.
1744 1988 1822 2068 pag.
1846 1987 1903 2062 72.

634 2089 715 2164 153.
741 2064 840 2142 idem
862 2089 945 2139 cum
997 2057 1139 2137 raefesto
1157 2065 1190 2136 S·
1217 2061 1414 2143 Mamantis.

529 2164 675 2246 Simeon
686 2161 955 2242 Thessalonicen
970 2188 999 2238 rs
1011 2158 1173 2260 Archiep.
1183 2161 1229 2235 A.
1249 2182 1358 2272 1409.
1371 2157 1566 2332 septembr.
1588 2158 1683 2272 sexto
1696 2159 1821 2240 mense
1838 2177 1912 2242 ante

630 2277 769 2363 captam
791 2260 834 2338 ab
854 2259 1050 2338 Amurathe
1070 2278 1111 2338 A.
1136 2279 1241 2355 1430·
1256 2263 1384 2335 Macro
1439 2253 1688 2336 heffalomcam
1707 2259 1913 2346 defimttur.

631 2365 728 2437 ellat.
768 2383 823 2460 ag.
841 2359 1120 2454 185·194-'&de
1132 2355 1300 2434 consensu
1316 2383 1396 2458 pag.
1410 2365 1497 2448 862.
1510 2357 1581 2462 seq.
1621 2361 1674 2436 De
1685 2359 1870 2442 hocinfra
1892 2413 1894 2418 ·

529 2456 721 2536 Simonatii
750 2482 785 2534 es
816 2454 943 2547 Chius,
978 2457 1187 2560 coquinarie
1212 2457 1263 2534 rei
1290 2454 1434 2558 scriptor
1462 2456 1623 2536 laudatur
1646 2459 1789 2538 Polluci.
1818 2473 1853 2542 dr
1878 2479 1914 2540 A·

633 2561 785 2636 thenaeo.
837 2559 933 2631 Aliat.
960 2581 1040 2658 pag.
1069 2577 1153 2649 219.

528 2656 672 2736 Simeon
684 2658 849 2761 AEgineta
862 2654 1062 2745 statuarius,
1089 2650 1263 2731 Pausaniae
1275 2651 1337 2735 lib.
1349 2654 1398 2736 V.
1410 2665 1634 2734 memorante.
1685 2655 1791 2738 idern
1808 2673 1852 2740 ut
1867 2657 1907 2738 vi·

628 2757 731 2834 detur
744 2758 789 2833 de
802 2782 876 2860 quo
888 2753 1035 2846 Plinius,
1064 2758 1227 2832 Clemens
1246 2757 1348 2832 Alex.
1365 2759 1400 2830 St
1412 2753 1577 2832 Laertius.
1631 2753 1730 2836 Vide
1747 2757 1912 2840 Francis&

628 2856 730 2960 Junii
744 2859 954 2956 Catalogum
966 2852 1145 2930 artificum
1155 2877 1238 2954 pag.
1256 2875 1338 2948 199.

526 2953 651 3034 Simon
662 2955 737 3030 five
749 2954 887 3063 Timon
900 2952 1126 3053 Apollonides
1135 2951 1302 3029 Nicaenus
1316 2977 1425 3054 qvem
1438 2949 1548 3130 alipii
1568 2977 1612 3030 ex
1623 2957 1715 3032 male
1728 2953 1913 3040 intellediir

633 3052 759 3130 Laertii
773 3049 889 3128 verbis
911 3049 1148 3150 consumpsere,
1181 3053 1301 3126 nullus
1314 3053 1376 3128 est.
1430 3053 1479 3132 Vi
1505 3051 1710 3130 entlarium
1731 3081 1818 3160 pag.
1835 3079 1912 3156 ως.

632 3152 703 3253 seq.
717 3162 751 3228 &a
764 3145 844 3261 qr'rae
856 3151 896 3225 in
907 3173 1002 3224 nova
1018 3147 1175 3225 editione
1189 3147 1313 3226 Laertii
1328 3154 1383 3235 lX.
1402 3174 1485 3246 109.
1498 3147 1597 3230 redte
1610 3163 1730 3229 notata
1746 3153 1843 3236 sunt

527 3253 651 3332 Simon
665 3250 847 3339 coriarrur,
869 3246 1014 3324 Socratis
1027 3245 1216 3348 discipulus
1230 3245 1276 3325 de
1289 3273 1361 3351 quo
1375 3249 1449 3326 dixi
1461 3248 1568 3333 riba.
1582 3275 1615 3335 c.
1631 3271 1692 3346 2³·
1707 3259 1744 3345 §·
1757 3275 1825 3352 4²·
1855 3257 1910 3336 Ai-

623 3349 726 3426 latius
737 3373 818 3449 pag.
839 3369 922 3445 197·
936 3355 971 3422 &
983 3348 1027 3422 ad
1042 3347 1214 3446 Epistolas
1226 3345 1488 3425 Socraticorum.

527 3449 652 3530 Simon
664 3444 899 3549 Hippianicus
912 3443 1055 3545 scriptor
1069 3441 1329 3547 antiquisfimus
1344 3447 1628 3550 Xenophonti&
1649 3446 1723 3530 eliis
1744 3453 1909 3548 laudetur,

477 3625 482 3640 ,
630 3548 761 3650 dequo
778 3549 923 3622 volum.
941 3549 1001 3620 Vl.
1015 3569 1095 3644 pag.
1109 3565 1195 3639 499.
1214 3543 1287 3647 seq.
1338 3549 1435 3622 altar.
1450 3573 1530 3660 pag.
1548 3559 1633 3644 198.

527 3649 651 3726 Simon
672 3644 884 3725 Maccabaeus
904 3643 1057 3720 sacerdos
1082 3643 1277 3734 maximus,
1303 3639 1426 3724 auctor
1442 3645 1521 3722 hbrr
1544 3646 1689 3726 secundi
1707 3651 1904 3734 Macetae

628 3774 726 3838 rum,
752 3743 780 3820 fi
793 3743 967 3820 credimus
982 3740 1149 3818 michaeli
1163 3741 1208 3818 de
1222 3743 1367 3821 Medina
1381 3745 1477 3846 apud
1493 3749 1634 3850 atlanp.
1650 3771 1738 3826 200.

513 3844 652 3924 Simon
665 3851 709 3917 M
754 3869 803 3920 us.
826 3847 923 3920 nllat.
936 3870 971 3944 p.
986 3866 1069 3922 201.
1086 3841 1158 3944 seq.
1182 3845 1289 3918 Semo
1301 3847 1431 3920 Sancus
1443 3843 1650 4020 neusidp.
1665 3871 1758 3934 220.

526 3943 651 4021 Simon
664 3947 723 4021 Me
750 3943 842 4034 icus,
869 3942 1004 4019 Seleuci
1022 3939 1194 4018 Nicatoris
1208 3941 1438 4044 temporibus.
1479 3947 1589 4022 Laert.
1630 3969 1743 4046 0123.
1796 3949 1908 4034 Lucilii

493 4071 502 4086 ·
628 4042 857 4156 Epigramma
888 4045 1053 4120 Graecum
1086 4039 1126 4116 in
1151 4039 1334 4118 Simonem
1364 4039 1529 4144 ineptum
1553 4043 1739 4128 Medicum
1773 4051 1908 4132 illustre

628 4140 726 4218 Grrb.
741 4144 901 4242 Cuperus
913 4141 952 4216 in
965 4145 1173 4241 Harpocrate
1183 4165 1265 4242 pag.
1283 4163 1365 4249 157.

527 4239 651 4319 Simon
669 4239 868 4326 (Atheneo
879 4237 1018 4318 simus)
1045 4233 1222 4330 annotatt
1234 4253 1343 4339 patna
1359 4239 1562 4344 Magnesiae
1580 4245 1609 4320 ὲ.
1621 4269 1695 4350 quo
1713 4263 1839 4328 cantus
1855 4273 1907 4354 ge·

625 4367 693 4417 nus
708 4333 948 4430 crpadbteste
960 4337 1128 4416 Strabone
1141 4335 1202 4416 lib.
1213 4341 1312 4418 mv,
1337 4342 1442 4417 Anat.
1456 4369 1492 4444 p.
1510 4365 1592 4439 199.

523 4445 671 4519 SiMON
699 4446 815 4517 Petrus
840 4439 1036 4540 Apostolus.
1089 4443 1183 4515 nllat·
1206 4465 1243 4539 p.
1269 4461 1356 4520 200.
1375 4438 1448 4544 seq.

519 4541 650 4622 simon
673 4538 792 4644 pistor
812 4542 894 4640 (vel
918 4535 1034 4614 Simus
1057 4538 1196 4640 potius)
1216 4536 1313 4640 apud
1337 4537 1429 4630 Plin.
1455 4541 1608 4626 XXXV.
1624 4567 1686 4628 ιι.

1790 4736 1903 4818 Simon
