<?xml version="1.0" encoding="UTF-8"?>
<!DOCTYPE html PUBLIC "-//W3C//DTD XHTML 1.0 Transitional//EN"
    "http://www.w3.org/TR/xhtml1/DTD/xhtml1-transitional.dtd">
<html xmlns="http://www.w3.org/1999/xhtml" xml:lang="en" lang="en">
 <head>
  <title>
</title>
<meta http-equiv="Content-Type" content="text/html;charset=utf-8" />
  <meta name='ocr-system' content='tesseract 3.04.00' />
  <meta name='ocr-capabilities' content='ocr_page ocr_carea ocr_par ocr_line ocrx_word'/>
</head>
<body>
  <div class='ocr_page' id='page_1' title='image "./joalbertifabrie02fabrgoog_0417.png"; bbox 0 0 4892 5667; ppageno 0'>
   <div class='ocr_carea' id='block_1_1' title="bbox 795 785 1888 938">
    <p class='ocr_par' dir='ltr' id='par_1_1' title="bbox 795 785 1888 938">
     <span class='ocr_line' id='line_1_1' title="bbox 795 785 1888 938; baseline 0.004 -17"><span class='ocrx_word' id='word_1_1' title='bbox 795 839 978 922; x_wconf 78' lang='lat' dir='ltr'>rusmn</span> <span class='ocrx_word' id='word_1_2' title='bbox 1007 841 1296 922; x_wconf 68' lang='lat' dir='ltr'>isunnam</span> <span class='ocrx_word' id='word_1_3' title='bbox 1329 843 1438 924; x_wconf 81' lang='lat' dir='ltr'>ons.</span> <span class='ocrx_word' id='word_1_4' title='bbox 1765 785 1888 938; x_wconf 69' lang='lat'>381⁸</span> 
     </span>
    </p>
   </div>
   <div class='ocr_carea' id='block_1_2' title="bbox 506 981 1942 2546">
    <p class='ocr_par' dir='ltr' id='par_1_2' title="bbox 506 981 1942 1382">
     <span class='ocr_line' id='line_1_2' title="bbox 506 981 1843 1090; baseline 0.001 -28"><span class='ocrx_word' id='word_1_5' title='bbox 506 1009 565 1077; x_wconf 85' lang='lat' dir='ltr'>m,</span> <span class='ocrx_word' id='word_1_6' title='bbox 590 981 654 1062; x_wconf 86' lang='lat' dir='ltr'>etfi</span> <span class='ocrx_word' id='word_1_7' title='bbox 668 985 802 1066; x_wconf 87' lang='lat' dir='ltr'>editam</span> <span class='ocrx_word' id='word_1_8' title='bbox 814 1003 876 1066; x_wconf 93' lang='lat' dir='ltr'>ant</span> <span class='ocrx_word' id='word_1_9' title='bbox 924 1013 1008 1062; x_wconf 87' lang='lat' dir='ltr'>uam</span> <span class='ocrx_word' id='word_1_10' title='bbox 1020 986 1192 1064; x_wconf 74' lang='lat' dir='ltr'>ostavum</span> <span class='ocrx_word' id='word_1_11' title='bbox 1206 987 1395 1088; x_wconf 85' lang='lat' dir='ltr'>ipse-suum</span> <span class='ocrx_word' id='word_1_12' title='bbox 1409 981 1540 1066; x_wconf 88' lang='lat' dir='ltr'>libnim</span> <span class='ocrx_word' id='word_1_13' title='bbox 1551 989 1759 1090; x_wconf 88' lang='lat' dir='ltr'>publicaret,</span> <span class='ocrx_word' id='word_1_14' title='bbox 1780 1015 1843 1064; x_wconf 87' lang='lat' dir='ltr'>an·</span> 
     </span>
     <span class='ocr_line' id='line_1_3' title="bbox 516 1013 1942 1188; baseline 0.003 -30"><span class='ocrx_word' id='word_1_15' title='bbox 516 1082 662 1186; x_wconf 71' lang='lat' dir='ltr'>integri,</span> <span class='ocrx_word' id='word_1_16' title='bbox 673 1013 958 1164; x_wconf 63' lang='lat' dir='ltr'>decemaoiio.</span> <span class='ocrx_word' id='word_1_17' title='bbox 1009 1085 1310 1186; x_wconf 76' lang='lat' dir='ltr'>lneaponolsaec</span> <span class='ocrx_word' id='word_1_18' title='bbox 1324 1083 1458 1174; x_wconf 90' lang='lat' dir='ltr'>verba,</span> <span class='ocrx_word' id='word_1_19' title='bbox 1491 1113 1570 1188; x_wconf 87' lang='lat' dir='ltr'>quac</span> <span class='ocrx_word' id='word_1_20' title='bbox 1583 1087 1652 1164; x_wconf 90' lang='lat' dir='ltr'>sola</span> <span class='ocrx_word' id='word_1_21' title='bbox 1665 1087 1766 1164; x_wconf 84' lang='lat' dir='ltr'>nobis</span> <span class='ocrx_word' id='word_1_22' title='bbox 1781 1112 1839 1162; x_wconf 86' lang='lat' dir='ltr'>ex·</span> <span class='ocrx_word' id='word_1_23' title='bbox 1939 1129 1942 1135; x_wconf 95' lang='lat'>·</span> 
     </span>
     <span class='ocr_line' id='line_1_4' title="bbox 506 1183 1936 1288; baseline 0.003 -30"><span class='ocrx_word' id='word_1_24' title='bbox 506 1183 562 1260; x_wconf 88' lang='lat' dir='ltr'>uit</span> <span class='ocrx_word' id='word_1_25' title='bbox 573 1183 773 1284; x_wconf 85' lang='lat' dir='ltr'>speciminis</span> <span class='ocrx_word' id='word_1_26' title='bbox 786 1191 888 1273; x_wconf 88' lang='lat' dir='ltr'>loco,</span> <span class='ocrx_word' id='word_1_27' title='bbox 914 1187 1083 1285; x_wconf 88' lang='lat' dir='ltr'>leguntur</span> <span class='ocrx_word' id='word_1_28' title='bbox 1101 1211 1139 1286; x_wconf 90' lang='lat' dir='ltr'>p.</span> <span class='ocrx_word' id='word_1_29' title='bbox 1158 1195 1218 1277; x_wconf 86' lang='lat'>89.</span> <span class='ocrx_word' id='word_1_30' title='bbox 1233 1183 1397 1260; x_wconf 87' lang='lat' dir='ltr'>editionis</span> <span class='ocrx_word' id='word_1_31' title='bbox 1410 1207 1489 1284; x_wconf 83' lang='lat' dir='ltr'>quat</span> <span class='ocrx_word' id='word_1_32' title='bbox 1504 1183 1606 1260; x_wconf 90' lang='lat' dir='ltr'>unica</span> <span class='ocrx_word' id='word_1_33' title='bbox 1625 1189 1699 1276; x_wconf 85' lang='lat' dir='ltr'>est,</span> <span class='ocrx_word' id='word_1_34' title='bbox 1729 1191 1837 1284; x_wconf 82' lang='lat' dir='ltr'>Hogae</span> <span class='ocrx_word' id='word_1_35' title='bbox 1932 1281 1936 1288; x_wconf 25' lang='grc' dir='ltr'>Ι</span> 
     </span>
     <span class='ocr_line' id='line_1_5' title="bbox 506 1281 1838 1382; baseline 0.002 -24"><span class='ocrx_word' id='word_1_36' title='bbox 506 1281 596 1358; x_wconf 90' lang='lat' dir='ltr'>mitis</span> <span class='ocrx_word' id='word_1_37' title='bbox 609 1286 656 1362; x_wconf 83' lang='lat' dir='ltr'>A.</span> <span class='ocrx_word' id='word_1_38' title='bbox 674 1293 782 1364; x_wconf 85' lang='lat'>1660.</span> <span class='ocrx_word' id='word_1_39' title='bbox 795 1282 858 1360; x_wconf 62' lang='lat' dir='ltr'>bt.</span> <span class='ocrx_word' id='word_1_40' title='bbox 892 1294 933 1357; x_wconf 90' lang='lat' dir='ltr'>ut</span> <span class='ocrx_word' id='word_1_41' title='bbox 950 1281 1060 1358; x_wconf 88' lang='lat' dir='ltr'>etiam</span> <span class='ocrx_word' id='word_1_42' title='bbox 1076 1282 1117 1358; x_wconf 91' lang='lat' dir='ltr'>in</span> <span class='ocrx_word' id='word_1_43' title='bbox 1135 1281 1337 1358; x_wconf 88' lang='lat' dir='ltr'>authe&#39;ntico</span> <span class='ocrx_word' id='word_1_44' title='bbox 1359 1291 1393 1358; x_wconf 75' lang='grc' dir='ltr'>δι</span> <span class='ocrx_word' id='word_1_45' title='bbox 1415 1283 1630 1382; x_wconf 86' lang='lat' dir='ltr'>autographo</span> <span class='ocrx_word' id='word_1_46' title='bbox 1649 1283 1838 1382; x_wconf 84' lang='lat' dir='ltr'>exemplari</span> 
     </span>
    </p>

    <p class='ocr_par' dir='ltr' id='par_1_3' title="bbox 506 1377 1841 2546">
     <span class='ocr_line' id='line_1_6' title="bbox 506 1377 1839 1554; baseline 0.003 -100"><span class='ocrx_word' id='word_1_47' title='bbox 506 1377 557 1454; x_wconf 84' lang='lat' dir='ltr'>ios</span> <span class='ocrx_word' id='word_1_48' title='bbox 568 1381 732 1490; x_wconf 85' lang='lat' dir='ltr'>Syropuli</span> <span class='ocrx_word' id='word_1_49' title='bbox 744 1379 999 1481; x_wconf 87' lang='lat' dir='ltr'>manuscripto:</span> <span class='ocrx_word' id='word_1_50' title='bbox 1025 1378 1752 1554; x_wconf 66' lang='lat' dir='ltr'>undecxemplumdescriptumaClaudio</span> <span class='ocrx_word' id='word_1_51' title='bbox 1765 1387 1839 1458; x_wconf 87' lang='lat' dir='ltr'>Sar·</span> 
     </span>
     <span class='ocr_line' id='line_1_7' title="bbox 506 1473 1838 1580; baseline 0.005 -32"><span class='ocrx_word' id='word_1_52' title='bbox 506 1473 549 1550; x_wconf 87' lang='lat' dir='ltr'>io</span> <span class='ocrx_word' id='word_1_53' title='bbox 564 1475 687 1552; x_wconf 81' lang='lat' dir='ltr'>habuit</span> <span class='ocrx_word' id='word_1_54' title='bbox 700 1477 828 1552; x_wconf 82' lang='lat' dir='ltr'>isaacus</span> <span class='ocrx_word' id='word_1_55' title='bbox 853 1477 1020 1570; x_wconf 76' lang='lat' dir='ltr'>Volscus,</span> <span class='ocrx_word' id='word_1_56' title='bbox 1060 1477 1101 1554; x_wconf 94' lang='lat' dir='ltr'>ab</span> <span class='ocrx_word' id='word_1_57' title='bbox 1124 1503 1167 1555; x_wconf 90' lang='lat' dir='ltr'>co</span> <span class='ocrx_word' id='word_1_58' title='bbox 1189 1483 1240 1556; x_wconf 84' lang='lat' dir='ltr'>Ro</span> <span class='ocrx_word' id='word_1_59' title='bbox 1266 1493 1357 1554; x_wconf 83' lang='lat' dir='ltr'>crtus</span> <span class='ocrx_word' id='word_1_60' title='bbox 1377 1478 1675 1580; x_wconf 87' lang='lat' dir='ltr'>Chreygthonus,</span> <span class='ocrx_word' id='word_1_61' title='bbox 1709 1477 1838 1554; x_wconf 88' lang='lat' dir='ltr'>infidus</span> 
     </span>
     <span class='ocr_line' id='line_1_8' title="bbox 506 1573 1839 1688; baseline 0.006 -44"><span class='ocrx_word' id='word_1_62' title='bbox 506 1583 594 1649; x_wconf 76' lang='lat' dir='ltr'>tta&amp;</span> <span class='ocrx_word' id='word_1_63' title='bbox 606 1573 788 1675; x_wconf 86' lang='lat' dir='ltr'>imperitus</span> <span class='ocrx_word' id='word_1_64' title='bbox 800 1575 991 1677; x_wconf 77' lang='lat' dir='ltr'>interpres,</span> <span class='ocrx_word' id='word_1_65' title='bbox 1013 1603 1086 1680; x_wconf 91' lang='lat' dir='ltr'>quo</span> <span class='ocrx_word' id='word_1_66' title='bbox 1099 1602 1207 1653; x_wconf 90' lang='lat' dir='ltr'>nemo</span> <span class='ocrx_word' id='word_1_67' title='bbox 1219 1575 1363 1654; x_wconf 80' lang='lat' dir='ltr'>fortassis</span> <span class='ocrx_word' id='word_1_68' title='bbox 1384 1602 1546 1688; x_wconf 86' lang='lat' dir='ltr'>unquam</span> <span class='ocrx_word' id='word_1_69' title='bbox 1559 1577 1599 1652; x_wconf 92' lang='lat' dir='ltr'>in</span> <span class='ocrx_word' id='word_1_70' title='bbox 1611 1577 1839 1680; x_wconf 82' lang='lat' dir='ltr'>interpretan-</span> 
     </span>
     <span class='ocr_line' id='line_1_9' title="bbox 515 1671 1839 1779; baseline 0.004 -34"><span class='ocrx_word' id='word_1_71' title='bbox 515 1671 688 1748; x_wconf 88' lang='lat' dir='ltr'>infelicius</span> <span class='ocrx_word' id='word_1_72' title='bbox 702 1687 854 1776; x_wconf 85' lang='lat' dir='ltr'>nugatus</span> <span class='ocrx_word' id='word_1_73' title='bbox 868 1677 942 1768; x_wconf 89' lang='lat' dir='ltr'>est,</span> <span class='ocrx_word' id='word_1_74' title='bbox 968 1678 1055 1753; x_wconf 87' lang='lat' dir='ltr'>adeo</span> <span class='ocrx_word' id='word_1_75' title='bbox 1070 1691 1169 1752; x_wconf 85' lang='lat' dir='ltr'>utne</span> <span class='ocrx_word' id='word_1_76' title='bbox 1182 1675 1329 1779; x_wconf 90' lang='lat' dir='ltr'>quidem</span> <span class='ocrx_word' id='word_1_77' title='bbox 1350 1691 1463 1752; x_wconf 89' lang='lat' dir='ltr'>auton</span> <span class='ocrx_word' id='word_1_78' title='bbox 1480 1701 1616 1752; x_wconf 89' lang='lat' dir='ltr'>nomen</span> <span class='ocrx_word' id='word_1_79' title='bbox 1630 1673 1735 1753; x_wconf 88' lang='lat' dir='ltr'>suum</span> <span class='ocrx_word' id='word_1_80' title='bbox 1755 1701 1839 1752; x_wconf 90' lang='lat' dir='ltr'>con·</span> 
     </span>
     <span class='ocr_line' id='line_1_10' title="bbox 506 1770 1841 1877; baseline 0.004 -33"><span class='ocrx_word' id='word_1_81' title='bbox 506 1793 537 1844; x_wconf 85' lang='lat' dir='ltr'>re</span> <span class='ocrx_word' id='word_1_82' title='bbox 558 1770 671 1869; x_wconf 82' lang='lat' dir='ltr'>passus</span> <span class='ocrx_word' id='word_1_83' title='bbox 696 1770 764 1848; x_wconf 87' lang='lat' dir='ltr'>fit:</span> <span class='ocrx_word' id='word_1_84' title='bbox 790 1787 885 1850; x_wconf 89' lang='lat' dir='ltr'>tanta</span> <span class='ocrx_word' id='word_1_85' title='bbox 911 1785 945 1851; x_wconf 75' lang='grc' dir='ltr'>δι</span> <span class='ocrx_word' id='word_1_86' title='bbox 967 1790 1038 1852; x_wconf 89' lang='lat' dir='ltr'>tam</span> <span class='ocrx_word' id='word_1_87' title='bbox 1059 1774 1179 1877; x_wconf 88' lang='lat' dir='ltr'>inepta</span> <span class='ocrx_word' id='word_1_88' title='bbox 1197 1787 1477 1865; x_wconf 88' lang='lat' dir='ltr'>commentatus,</span> <span class='ocrx_word' id='word_1_89' title='bbox 1501 1789 1542 1850; x_wconf 91' lang='lat' dir='ltr'>ut</span> <span class='ocrx_word' id='word_1_90' title='bbox 1567 1779 1779 1875; x_wconf 85' lang='lat' dir='ltr'>Syropulum</span> <span class='ocrx_word' id='word_1_91' title='bbox 1801 1772 1841 1850; x_wconf 89' lang='lat' dir='ltr'>in</span> 
     </span>
     <span class='ocr_line' id='line_1_11' title="bbox 506 1872 1841 1972; baseline 0.004 -30"><span class='ocrx_word' id='word_1_92' title='bbox 506 1873 688 1969; x_wconf 76' lang='lat' dir='ltr'>oropulum</span> <span class='ocrx_word' id='word_1_93' title='bbox 705 1885 876 1963; x_wconf 84' lang='lat' dir='ltr'>verterct,</span> <span class='ocrx_word' id='word_1_94' title='bbox 901 1891 1021 1952; x_wconf 89' lang='lat' dir='ltr'>contra</span> <span class='ocrx_word' id='word_1_95' title='bbox 1034 1900 1180 1950; x_wconf 86' lang='lat' dir='ltr'>manum</span> <span class='ocrx_word' id='word_1_96' title='bbox 1193 1873 1344 1963; x_wconf 87' lang='lat' dir='ltr'>autoris,</span> <span class='ocrx_word' id='word_1_97' title='bbox 1371 1872 1581 1950; x_wconf 82' lang='lat' dir='ltr'>&amp;omnium</span> <span class='ocrx_word' id='word_1_98' title='bbox 1597 1874 1688 1950; x_wconf 90' lang='lat' dir='ltr'>illius</span> <span class='ocrx_word' id='word_1_99' title='bbox 1702 1887 1841 1972; x_wconf 84' lang='lat' dir='ltr'>tempo·</span> 
     </span>
     <span class='ocr_line' id='line_1_12' title="bbox 507 1963 1840 2148; baseline 0.006 -107"><span class='ocrx_word' id='word_1_100' title='bbox 507 1963 668 2078; x_wconf 68' lang='lat' dir='ltr'>astarum</span> <span class='ocrx_word' id='word_1_101' title='bbox 680 1969 800 2049; x_wconf 88' lang='lat' dir='ltr'>fidem.</span> <span class='ocrx_word' id='word_1_102' title='bbox 853 1978 970 2148; x_wconf 56' lang='lat' dir='ltr'>(inam</span> <span class='ocrx_word' id='word_1_103' title='bbox 984 1999 1068 2073; x_wconf 89' lang='lat' dir='ltr'>ergo</span> <span class='ocrx_word' id='word_1_104' title='bbox 1080 1974 1259 2049; x_wconf 87' lang='lat' dir='ltr'>historiam</span> <span class='ocrx_word' id='word_1_105' title='bbox 1274 1972 1462 2050; x_wconf 89' lang='lat' dir='ltr'>Gennadio</span> <span class='ocrx_word' id='word_1_106' title='bbox 1473 1977 1652 2048; x_wconf 78' lang='lat' dir='ltr'>Graeculus</span> <span class='ocrx_word' id='word_1_107' title='bbox 1664 1971 1840 2076; x_wconf 85' lang='lat' dir='ltr'>quispiam</span> 
     </span>
     <span class='ocr_line' id='line_1_13' title="bbox 527 2080 847 2156; baseline 0.009 -13"><span class='ocrx_word' id='word_1_108' title='bbox 527 2083 662 2156; x_wconf 84' lang='lat' dir='ltr'>entus,</span> <span class='ocrx_word' id='word_1_109' title='bbox 705 2080 738 2146; x_wconf 75' lang='grc' dir='ltr'>δι</span> <span class='ocrx_word' id='word_1_110' title='bbox 762 2095 847 2146; x_wconf 91' lang='lat' dir='ltr'>cum</span> 
     </span>
     <span class='ocr_line' id='line_1_14' title="bbox 506 2093 1839 2270; baseline 0.002 -28"><span class='ocrx_word' id='word_1_111' title='bbox 506 2093 618 2242; x_wconf 68' lang='lat' dir='ltr'>itiam</span> <span class='ocrx_word' id='word_1_112' title='bbox 644 2170 818 2268; x_wconf 84' lang='lat' dir='ltr'>postrema</span> <span class='ocrx_word' id='word_1_113' title='bbox 839 2171 947 2248; x_wconf 89' lang='lat' dir='ltr'>verba</span> <span class='ocrx_word' id='word_1_114' title='bbox 968 2171 1010 2247; x_wconf 91' lang='lat' dir='ltr'>ab</span> <span class='ocrx_word' id='word_1_115' title='bbox 1036 2195 1080 2246; x_wconf 90' lang='lat' dir='ltr'>co</span> <span class='ocrx_word' id='word_1_116' title='bbox 1110 2171 1210 2250; x_wconf 89' lang='lat' dir='ltr'>citata</span> <span class='ocrx_word' id='word_1_117' title='bbox 1238 2171 1432 2248; x_wconf 89' lang='lat' dir='ltr'>indicant:</span> <span class='ocrx_word' id='word_1_118' title='bbox 1495 2169 1543 2270; x_wconf 78' lang='grc' dir='ltr'>εξ</span> <span class='ocrx_word' id='word_1_119' title='bbox 1576 2165 1616 2243; x_wconf 76' lang='lat' dir='ltr'>dr</span> <span class='ocrx_word' id='word_1_120' title='bbox 1653 2167 1839 2260; x_wconf 66' lang='lat' dir='ltr'>vinacoso</span> 
     </span>
     <span class='ocr_line' id='line_1_15' title="bbox 521 2255 1839 2444; baseline 0.006 -102"><span class='ocrx_word' id='word_1_121' title='bbox 521 2255 796 2444; x_wconf 48' lang='grc' dir='ltr'>ἑΰΰψχωρήσᾴ</span> <span class='ocrx_word' id='word_1_122' title='bbox 819 2273 904 2346; x_wconf 70' lang='lat' dir='ltr'>ross*</span> <span class='ocrx_word' id='word_1_123' title='bbox 929 2272 946 2344; x_wconf 81' lang='grc' dir='ltr'><em>ὁ</em></span> <span class='ocrx_word' id='word_1_124' title='bbox 972 2269 1049 2349; x_wconf 78' lang='lat' dir='ltr'>ero&#39;s</span> <span class='ocrx_word' id='word_1_125' title='bbox 1086 2331 1098 2363; x_wconf 87' lang='lat'>,</span> <span class='ocrx_word' id='word_1_126' title='bbox 1159 2263 1294 2358; x_wconf 60' lang='lat' dir='ltr'>coelio.</span> <span class='ocrx_word' id='word_1_127' title='bbox 1320 2273 1375 2350; x_wconf 73' lang='lat' dir='ltr'>nir</span> <span class='ocrx_word' id='word_1_128' title='bbox 1397 2274 1427 2346; x_wconf 74' lang='grc' dir='ltr'>ἐν</span> <span class='ocrx_word' id='word_1_129' title='bbox 1452 2271 1624 2372; x_wconf 61' lang='lat' dir='ltr'>§appollon</span> <span class='ocrx_word' id='word_1_130' title='bbox 1650 2285 1759 2350; x_wconf 67' lang='lat' dir='ltr'>aanor</span> <span class='ocrx_word' id='word_1_131' title='bbox 1783 2299 1839 2365; x_wconf 75' lang='lat' dir='ltr'>yr-</span> 
     </span>
     <span class='ocr_line' id='line_1_16' title="bbox 506 2371 1840 2546; baseline 0.003 -104"><span class='ocrx_word' id='word_1_132' title='bbox 506 2375 578 2442; x_wconf 70' lang='grc' dir='ltr'>υῒαν</span> <span class='ocrx_word' id='word_1_133' title='bbox 605 2376 732 2459; x_wconf 76' lang='grc' dir='ltr'>’νωσιν,</span> <span class='ocrx_word' id='word_1_134' title='bbox 764 2395 844 2471; x_wconf 78' lang='lat' dir='ltr'>quae</span> <span class='ocrx_word' id='word_1_135' title='bbox 866 2375 1037 2546; x_wconf 54' lang='lat' dir='ltr'>leguntur</span> <span class='ocrx_word' id='word_1_136' title='bbox 1047 2386 1201 2447; x_wconf 83' lang='lat' dir='ltr'>extrema</span> <span class='ocrx_word' id='word_1_137' title='bbox 1226 2398 1306 2472; x_wconf 90' lang='lat' dir='ltr'>pag.</span> <span class='ocrx_word' id='word_1_138' title='bbox 1327 2394 1411 2468; x_wconf 81' lang='lat'>350.</span> <span class='ocrx_word' id='word_1_139' title='bbox 1463 2371 1604 2447; x_wconf 87' lang='lat' dir='ltr'>Nullius</span> <span class='ocrx_word' id='word_1_140' title='bbox 1632 2396 1716 2447; x_wconf 86' lang='lat' dir='ltr'>vero</span> <span class='ocrx_word' id='word_1_141' title='bbox 1742 2383 1840 2446; x_wconf 88' lang='lat' dir='ltr'>auto·</span> 
     </span>
    </p>
   </div>
   <div class='ocr_carea' id='block_1_3' title="bbox 882 2069 1839 2174">
    <p class='ocr_par' dir='ltr' id='par_1_4' title="bbox 882 2069 1839 2174">
     <span class='ocr_line' id='line_1_17' title="bbox 882 2069 1839 2174; baseline 0 -26"><span class='ocrx_word' id='word_1_142' title='bbox 882 2089 1004 2148; x_wconf 87' lang='lat' dir='ltr'>ecutus</span> <span class='ocrx_word' id='word_1_143' title='bbox 1025 2071 1253 2161; x_wconf 81' lang='lat' dir='ltr'>lambecius,</span> <span class='ocrx_word' id='word_1_144' title='bbox 1270 2069 1484 2170; x_wconf 80' lang='lat' dir='ltr'>adscripsit,</span> <span class='ocrx_word' id='word_1_145' title='bbox 1517 2095 1558 2146; x_wconf 90' lang='lat' dir='ltr'>ea</span> <span class='ocrx_word' id='word_1_146' title='bbox 1578 2069 1740 2174; x_wconf 74' lang='lat' dir='ltr'>Syropuli</span> <span class='ocrx_word' id='word_1_147' title='bbox 1763 2073 1839 2162; x_wconf 86' lang='lat' dir='ltr'>est,</span> 
     </span>
    </p>
   </div>
   <div class='ocr_carea' id='block_1_4' title="bbox 506 2463 1980 2571">
    <p class='ocr_par' dir='ltr' id='par_1_5' title="bbox 506 2463 1980 2571">
     <span class='ocr_line' id='line_1_18' title="bbox 506 2463 1980 2571; baseline 0.001 -26"><span class='ocrx_word' id='word_1_148' title='bbox 506 2463 557 2545; x_wconf 75' lang='lat' dir='ltr'>sis</span> <span class='ocrx_word' id='word_1_149' title='bbox 571 2471 623 2546; x_wconf 84' lang='lat' dir='ltr'>est</span> <span class='ocrx_word' id='word_1_150' title='bbox 638 2467 840 2568; x_wconf 84' lang='lat' dir='ltr'>subscriptio</span> <span class='ocrx_word' id='word_1_151' title='bbox 864 2474 900 2545; x_wconf 87' lang='lat' dir='ltr'>T</span> <span class='ocrx_word' id='word_1_152' title='bbox 927 2469 1088 2560; x_wconf 88' lang='lat' dir='ltr'>eodolii,</span> <span class='ocrx_word' id='word_1_153' title='bbox 1134 2470 1269 2548; x_wconf 85' lang='lat' dir='ltr'>Notarii</span> <span class='ocrx_word' id='word_1_154' title='bbox 1295 2468 1456 2546; x_wconf 81' lang='lat' dir='ltr'>Ecclesrae</span> <span class='ocrx_word' id='word_1_155' title='bbox 1483 2469 1839 2571; x_wconf 74' lang='lat' dir='ltr'>Constantinopolim·</span> <span class='ocrx_word' id='word_1_156' title='bbox 1967 2513 1980 2536; x_wconf 54' lang='grc' dir='ltr'>κ</span> 
     </span>
    </p>
   </div>
   <div class='ocr_carea' id='block_1_5' title="bbox 506 2567 1846 3165">
    <p class='ocr_par' dir='ltr' id='par_1_6' title="bbox 506 2567 1846 3165">
     <span class='ocr_line' id='line_1_19' title="bbox 506 2567 1840 2672; baseline 0.003 -32"><span class='ocrx_word' id='word_1_157' title='bbox 506 2593 545 2660; x_wconf 75' lang='grc' dir='ltr'>ε,</span> <span class='ocrx_word' id='word_1_158' title='bbox 583 2567 648 2672; x_wconf 91' lang='lat' dir='ltr'>qui</span> <span class='ocrx_word' id='word_1_159' title='bbox 672 2593 767 2644; x_wconf 86' lang='lat' dir='ltr'>anno</span> <span class='ocrx_word' id='word_1_160' title='bbox 790 2568 920 2645; x_wconf 89' lang='lat' dir='ltr'>mundi</span> <span class='ocrx_word' id='word_1_161' title='bbox 946 2591 1057 2664; x_wconf 83' lang='lat'>7071.</span> <span class='ocrx_word' id='word_1_162' title='bbox 1089 2569 1173 2644; x_wconf 89' lang='lat' dir='ltr'>Chr.</span> <span class='ocrx_word' id='word_1_163' title='bbox 1199 2578 1306 2664; x_wconf 80' lang='lat'>1563.</span> <span class='ocrx_word' id='word_1_164' title='bbox 1344 2568 1474 2645; x_wconf 75' lang='lat' dir='ltr'>librum</span> <span class='ocrx_word' id='word_1_165' title='bbox 1501 2567 1656 2644; x_wconf 83' lang='lat' dir='ltr'>transscri</span> <span class='ocrx_word' id='word_1_166' title='bbox 1683 2567 1761 2658; x_wconf 82' lang='lat' dir='ltr'>fit,</span> <span class='ocrx_word' id='word_1_167' title='bbox 1802 2571 1840 2644; x_wconf 71' lang='grc' dir='ltr'>ἐκ</span> 
     </span>
     <span class='ocr_line' id='line_1_20' title="bbox 506 2595 1846 2775; baseline 0 -33"><span class='ocrx_word' id='word_1_168' title='bbox 506 2663 638 2758; x_wconf 72' lang='lat' dir='ltr'>r&#39;ldlo&#39;na</span> <span class='ocrx_word' id='word_1_169' title='bbox 664 2667 830 2758; x_wconf 64' lang='lat' dir='ltr'>rasus,</span> <span class='ocrx_word' id='word_1_170' title='bbox 858 2693 941 2744; x_wconf 90' lang='lat' dir='ltr'>cum</span> <span class='ocrx_word' id='word_1_171' title='bbox 966 2667 1224 2775; x_wconf 78' lang='lat' dir='ltr'>autographum</span> <span class='ocrx_word' id='word_1_172' title='bbox 1250 2665 1364 2774; x_wconf 85' lang='lat' dir='ltr'>ipsum</span> <span class='ocrx_word' id='word_1_173' title='bbox 1389 2665 1515 2742; x_wconf 87' lang='lat' dir='ltr'>habeat</span> <span class='ocrx_word' id='word_1_174' title='bbox 1538 2595 1750 2775; x_wconf 67' lang='lat' dir='ltr'>Bibliotieca</span> <span class='ocrx_word' id='word_1_175' title='bbox 1774 2655 1846 2744; x_wconf 67' lang='lat' dir='ltr'>lle-⁴</span> 
     </span>
     <span class='ocr_line' id='line_1_21' title="bbox 521 2761 1840 2874; baseline -0.002 -30"><span class='ocrx_word' id='word_1_176' title='bbox 521 2765 823 2847; x_wconf 71' lang='lat' dir='ltr'>christianissimi.</span> <span class='ocrx_word' id='word_1_177' title='bbox 894 2763 1028 2844; x_wconf 82' lang='lat' dir='ltr'>Mirum</span> <span class='ocrx_word' id='word_1_178' title='bbox 1050 2765 1131 2840; x_wconf 87' lang='lat' dir='ltr'>sane</span> <span class='ocrx_word' id='word_1_179' title='bbox 1161 2763 1306 2852; x_wconf 82' lang='lat' dir='ltr'>fuisset,</span> <span class='ocrx_word' id='word_1_180' title='bbox 1347 2775 1439 2838; x_wconf 90' lang='lat' dir='ltr'>mter</span> <span class='ocrx_word' id='word_1_181' title='bbox 1463 2775 1516 2838; x_wconf 89' lang='lat' dir='ltr'>tot</span> <span class='ocrx_word' id='word_1_182' title='bbox 1538 2773 1682 2874; x_wconf 86' lang='lat' dir='ltr'>tamque</span> <span class='ocrx_word' id='word_1_183' title='bbox 1706 2761 1840 2842; x_wconf 78' lang='lat' dir='ltr'>diversa</span> 
     </span>
     <span class='ocr_line' id='line_1_22' title="bbox 506 2859 1839 2972; baseline -0.006 -27"><span class='ocrx_word' id='word_1_184' title='bbox 506 2867 631 2946; x_wconf 87' lang='lat' dir='ltr'>nnadii</span> <span class='ocrx_word' id='word_1_185' title='bbox 656 2891 790 2967; x_wconf 88' lang='lat' dir='ltr'>opera,</span> <span class='ocrx_word' id='word_1_186' title='bbox 836 2889 917 2972; x_wconf 79' lang='lat' dir='ltr'>quae</span> <span class='ocrx_word' id='word_1_187' title='bbox 941 2861 982 2940; x_wconf 89' lang='lat' dir='ltr'>in</span> <span class='ocrx_word' id='word_1_188' title='bbox 1014 2867 1109 2940; x_wconf 89' lang='lat' dir='ltr'>MSS.</span> <span class='ocrx_word' id='word_1_189' title='bbox 1138 2861 1317 2939; x_wconf 85' lang='lat' dir='ltr'>codicibus</span> <span class='ocrx_word' id='word_1_190' title='bbox 1341 2864 1510 2962; x_wconf 87' lang='lat' dir='ltr'>leguntur</span> <span class='ocrx_word' id='word_1_191' title='bbox 1536 2865 1594 2937; x_wconf 89' lang='lat' dir='ltr'>vel</span> <span class='ocrx_word' id='word_1_192' title='bbox 1618 2859 1839 2956; x_wconf 86' lang='lat' dir='ltr'>mdicantur,</span> 
     </span>
     <span class='ocr_line' id='line_1_23' title="bbox 506 2957 1837 3072; baseline -0.008 -26"><span class='ocrx_word' id='word_1_193' title='bbox 506 2965 640 3046; x_wconf 82' lang='lat' dir='ltr'>Notitia</span> <span class='ocrx_word' id='word_1_194' title='bbox 661 2959 934 3065; x_wconf 84' lang='lat' dir='ltr'>opusculorum,</span> <span class='ocrx_word' id='word_1_195' title='bbox 959 2988 1068 3066; x_wconf 92' lang='lat' dir='ltr'>quam</span> <span class='ocrx_word' id='word_1_196' title='bbox 1092 2960 1263 3036; x_wconf 86' lang='lat' dir='ltr'>habemus</span> <span class='ocrx_word' id='word_1_197' title='bbox 1289 2959 1331 3034; x_wconf 90' lang='lat' dir='ltr'>ab</span> <span class='ocrx_word' id='word_1_198' title='bbox 1354 2957 1429 3072; x_wconf 90' lang='lat' dir='ltr'>ipso</span> <span class='ocrx_word' id='word_1_199' title='bbox 1453 2957 1641 3035; x_wconf 89' lang='lat' dir='ltr'>Gennadio</span> <span class='ocrx_word' id='word_1_200' title='bbox 1665 2957 1837 3061; x_wconf 85' lang='lat' dir='ltr'>scriptam,</span> 
     </span>
     <span class='ocr_line' id='line_1_24' title="bbox 506 3057 1838 3165; baseline -0.008 -21"><span class='ocrx_word' id='word_1_201' title='bbox 506 3075 529 3144; x_wconf 72' lang='grc' dir='ltr'>η’</span> <span class='ocrx_word' id='word_1_202' title='bbox 552 3067 685 3142; x_wconf 82' lang='lat' dir='ltr'>exstare</span> <span class='ocrx_word' id='word_1_203' title='bbox 707 3068 818 3139; x_wconf 90' lang='lat' dir='ltr'>ullam</span> <span class='ocrx_word' id='word_1_204' title='bbox 839 3077 912 3140; x_wconf 88' lang='lat' dir='ltr'>tam</span> <span class='ocrx_word' id='word_1_205' title='bbox 934 3059 1062 3165; x_wconf 83' lang='lat' dir='ltr'>prolixi</span> <span class='ocrx_word' id='word_1_206' title='bbox 1083 3059 1196 3161; x_wconf 87' lang='lat' dir='ltr'>operis</span> <span class='ocrx_word' id='word_1_207' title='bbox 1228 3082 1436 3135; x_wconf 78' lang='lat' dir='ltr'>memorum</span> <span class='ocrx_word' id='word_1_208' title='bbox 1463 3081 1474 3134; x_wconf 78' lang='lat' dir='ltr'><strong><em>z</em></strong></span> <span class='ocrx_word' id='word_1_209' title='bbox 1564 3057 1727 3136; x_wconf 83' lang='lat' dir='ltr'>raesertim</span> <span class='ocrx_word' id='word_1_210' title='bbox 1754 3083 1838 3135; x_wconf 91' lang='lat' dir='ltr'>cum</span> 
     </span>
    </p>
   </div>
   <div class='ocr_carea' id='block_1_6' title="bbox 513 3155 1979 3260">
    <p class='ocr_par' dir='ltr' id='par_1_7' title="bbox 513 3155 1979 3260">
     <span class='ocr_line' id='line_1_25' title="bbox 513 3155 1979 3260; baseline -0.008 -16"><span class='ocrx_word' id='word_1_211' title='bbox 513 3162 739 3244; x_wconf 87' lang='lat' dir='ltr'>Orationibus</span> <span class='ocrx_word' id='word_1_212' title='bbox 761 3175 880 3239; x_wconf 88' lang='lat' dir='ltr'>contra</span> <span class='ocrx_word' id='word_1_213' title='bbox 903 3160 1109 3250; x_wconf 86' lang='lat' dir='ltr'>Unioncm,</span> <span class='ocrx_word' id='word_1_214' title='bbox 1133 3170 1167 3238; x_wconf 77' lang='grc' dir='ltr'>δι</span> <span class='ocrx_word' id='word_1_215' title='bbox 1192 3155 1520 3260; x_wconf 79' lang='lat' dir='ltr'>disputationibusa</span> <span class='ocrx_word' id='word_1_216' title='bbox 1545 3157 1663 3234; x_wconf 84' lang='lat' dir='ltr'>versus</span> <span class='ocrx_word' id='word_1_217' title='bbox 1688 3156 1839 3249; x_wconf 83' lang='lat' dir='ltr'>Latinos,</span> <span class='ocrx_word' id='word_1_218' title='bbox 1975 3169 1979 3178; x_wconf 88' lang='lat'>&#39;</span> 
     </span>
    </p>
   </div>
   <div class='ocr_carea' id='block_1_7' title="bbox 506 3255 1841 3588">
    <p class='ocr_par' dir='ltr' id='par_1_8' title="bbox 506 3255 1841 3588">
     <span class='ocr_line' id='line_1_26' title="bbox 506 3255 1841 3366; baseline -0.003 -24"><span class='ocrx_word' id='word_1_219' title='bbox 506 3263 732 3366; x_wconf 76' lang='lat' dir='ltr'>omultiplex</span> <span class='ocrx_word' id='word_1_220' title='bbox 755 3262 848 3338; x_wconf 88' lang='lat' dir='ltr'>illius</span> <span class='ocrx_word' id='word_1_221' title='bbox 871 3261 1003 3339; x_wconf 78' lang='lat' dir='ltr'>citandi</span> <span class='ocrx_word' id='word_1_222' title='bbox 1023 3257 1105 3336; x_wconf 85' lang='lat' dir='ltr'>esset</span> <span class='ocrx_word' id='word_1_223' title='bbox 1127 3256 1271 3336; x_wconf 86' lang='lat' dir='ltr'>occafio.</span> <span class='ocrx_word' id='word_1_224' title='bbox 1330 3259 1414 3334; x_wconf 86' lang='lat' dir='ltr'>Haec</span> <span class='ocrx_word' id='word_1_225' title='bbox 1440 3284 1542 3358; x_wconf 92' lang='lat' dir='ltr'>porro</span> <span class='ocrx_word' id='word_1_226' title='bbox 1559 3261 1580 3334; x_wconf 77' lang='grc' dir='ltr'>ὲ</span> <span class='ocrx_word' id='word_1_227' title='bbox 1599 3257 1702 3336; x_wconf 88' lang='lat' dir='ltr'>nobis</span> <span class='ocrx_word' id='word_1_228' title='bbox 1723 3255 1841 3338; x_wconf 71' lang='lat' dir='ltr'>neces·</span> 
     </span>
     <span class='ocr_line' id='line_1_27' title="bbox 506 3355 1584 3450; baseline -0.004 -8"><span class='ocrx_word' id='word_1_229' title='bbox 506 3363 702 3442; x_wconf 74' lang='lat' dir='ltr'>indicenda</span> <span class='ocrx_word' id='word_1_230' title='bbox 723 3377 845 3450; x_wconf 87' lang='lat' dir='ltr'>erant,</span> <span class='ocrx_word' id='word_1_231' title='bbox 877 3387 927 3438; x_wconf 87' lang='lat' dir='ltr'>ne</span> <span class='ocrx_word' id='word_1_232' title='bbox 949 3358 1008 3438; x_wconf 91' lang='lat' dir='ltr'>cui</span> <span class='ocrx_word' id='word_1_233' title='bbox 1028 3355 1190 3435; x_wconf 88' lang='lat' dir='ltr'>fraudem</span> <span class='ocrx_word' id='word_1_234' title='bbox 1215 3355 1344 3436; x_wconf 86' lang='lat' dir='ltr'>faceret</span> <span class='ocrx_word' id='word_1_235' title='bbox 1366 3356 1584 3438; x_wconf 74' lang='lat' dir='ltr'>lambecius.</span> 
     </span>
     <span class='ocr_line' id='line_1_28' title="bbox 553 3459 1255 3588; baseline -0.007 -48"><span class='ocrx_word' id='word_1_236' title='bbox 553 3462 720 3540; x_wconf 64' lang='lat' dir='ltr'>Isaflenses</span> <span class='ocrx_word' id='word_1_237' title='bbox 737 3462 894 3557; x_wconf 79' lang='lat' dir='ltr'>Eusebius</span> <span class='ocrx_word' id='word_1_238' title='bbox 920 3459 1122 3536; x_wconf 75' lang='lat' dir='ltr'>Rmaudotus</span> <span class='ocrx_word' id='word_1_239' title='bbox 1149 3460 1207 3588; x_wconf 36' lang='lat' dir='ltr'>V*</span> <span class='ocrx_word' id='word_1_240' title='bbox 1218 3465 1255 3535; x_wconf 83' lang='lat' dir='ltr'>C.</span> 
     </span>
    </p>
   </div>
   <div class='ocr_carea' id='block_1_8' title="bbox 506 3643 1841 4052">
    <p class='ocr_par' dir='ltr' id='par_1_9' title="bbox 506 3643 1841 4052">
     <span class='ocr_line' id='line_1_29' title="bbox 581 3643 1841 3750; baseline -0.006 -18"><span class='ocrx_word' id='word_1_241' title='bbox 581 3654 641 3732; x_wconf 88' lang='lat'>111.</span> <span class='ocrx_word' id='word_1_242' title='bbox 691 3651 956 3728; x_wconf 83' lang='lat' dir='ltr'>GREGORIUS</span> <span class='ocrx_word' id='word_1_243' title='bbox 980 3649 1221 3738; x_wconf 86' lang='lat' dir='ltr'>MAMMAS,</span> <span class='ocrx_word' id='word_1_244' title='bbox 1245 3643 1473 3737; x_wconf 83' lang='lat' dir='ltr'>Melissenus,</span> <span class='ocrx_word' id='word_1_245' title='bbox 1506 3649 1759 3746; x_wconf 82' lang='lat' dir='ltr'>Imperatorum</span> <span class='ocrx_word' id='word_1_246' title='bbox 1779 3652 1841 3750; x_wconf 87' lang='lat' dir='ltr'>Jo-</span> 
     </span>
     <span class='ocr_line' id='line_1_30' title="bbox 506 3743 1840 3848; baseline -0.008 -16"><span class='ocrx_word' id='word_1_247' title='bbox 506 3752 554 3848; x_wconf 57' lang='grc' dir='ltr'><strong>ἡ</strong></span> <span class='ocrx_word' id='word_1_248' title='bbox 576 3763 612 3832; x_wconf 84' lang='lat'>&amp;</span> <span class='ocrx_word' id='word_1_249' title='bbox 640 3745 863 3828; x_wconf 84' lang='lat' dir='ltr'>Constantini</span> <span class='ocrx_word' id='word_1_250' title='bbox 887 3751 1161 3848; x_wconf 74' lang='lat' dir='ltr'>Palaeologorum</span> <span class='ocrx_word' id='word_1_251' title='bbox 1193 3751 1213 3822; x_wconf 72' lang='grc' dir='ltr'>ὲ</span> <span class='ocrx_word' id='word_1_252' title='bbox 1241 3743 1548 3835; x_wconf 67' lang='lat' dir='ltr'>commonibus,</span> <span class='ocrx_word' id='word_1_253' title='bbox 1581 3755 1616 3821; x_wconf 78' lang='grc' dir='ltr'>δι</span> <span class='ocrx_word' id='word_1_254' title='bbox 1643 3770 1688 3821; x_wconf 88' lang='lat' dir='ltr'>ex</span> <span class='ocrx_word' id='word_1_255' title='bbox 1718 3743 1840 3822; x_wconf 86' lang='lat' dir='ltr'>Hiero-</span> 
     </span>
     <span class='ocr_line' id='line_1_31' title="bbox 506 3842 1840 3953; baseline -0.006 -22"><span class='ocrx_word' id='word_1_256' title='bbox 506 3853 626 3931; x_wconf 73' lang='lat' dir='ltr'>mdro</span> <span class='ocrx_word' id='word_1_257' title='bbox 647 3863 755 3953; x_wconf 87' lang='lat' dir='ltr'>atque</span> <span class='ocrx_word' id='word_1_258' title='bbox 778 3844 1033 3940; x_wconf 87' lang='lat' dir='ltr'>Protosyncello</span> <span class='ocrx_word' id='word_1_259' title='bbox 1053 3844 1242 3920; x_wconf 85' lang='lat' dir='ltr'>Patriarcha</span> <span class='ocrx_word' id='word_1_260' title='bbox 1263 3846 1366 3948; x_wconf 74' lang='lat' dir='ltr'>Cl’ol.</span> <span class='ocrx_word' id='word_1_261' title='bbox 1390 3842 1434 3918; x_wconf 90' lang='lat' dir='ltr'>ab</span> <span class='ocrx_word' id='word_1_262' title='bbox 1459 3848 1506 3920; x_wconf 80' lang='lat' dir='ltr'>A.</span> <span class='ocrx_word' id='word_1_263' title='bbox 1538 3867 1649 3940; x_wconf 79' lang='lat'>1445.</span> <span class='ocrx_word' id='word_1_264' title='bbox 1667 3846 1840 3948; x_wconf 88' lang='lat' dir='ltr'>usquead</span> 
     </span>
     <span class='ocr_line' id='line_1_32' title="bbox 506 3939 1841 4052; baseline -0.004 -25"><span class='ocrx_word' id='word_1_265' title='bbox 506 3951 544 4030; x_wconf 88' lang='lat' dir='ltr'>rd</span> <span class='ocrx_word' id='word_1_266' title='bbox 566 3965 732 4052; x_wconf 78' lang='lat' dir='ltr'>tempus,</span> <span class='ocrx_word' id='word_1_267' title='bbox 766 3971 841 4050; x_wconf 91' lang='lat' dir='ltr'>quo</span> <span class='ocrx_word' id='word_1_268' title='bbox 866 3942 961 4018; x_wconf 88' lang='lat' dir='ltr'>urbis</span> <span class='ocrx_word' id='word_1_269' title='bbox 982 3939 1162 4018; x_wconf 83' lang='lat' dir='ltr'>excidium</span> <span class='ocrx_word' id='word_1_270' title='bbox 1188 3941 1419 4042; x_wconf 82' lang='lat' dir='ltr'>praevidcns,</span> <span class='ocrx_word' id='word_1_271' title='bbox 1463 3939 1621 4018; x_wconf 85' lang='lat' dir='ltr'>abdicato</span> <span class='ocrx_word' id='word_1_272' title='bbox 1645 3942 1737 4020; x_wconf 81' lang='lat' dir='ltr'>sacm</span> <span class='ocrx_word' id='word_1_273' title='bbox 1761 3971 1841 4021; x_wconf 92' lang='lat' dir='ltr'>mu·</span> 
     </span>
    </p>
   </div>
   <div class='ocr_carea' id='block_1_9' title="bbox 506 4039 1840 4217">
    <p class='ocr_par' dir='ltr' id='par_1_10' title="bbox 506 4039 1840 4217">
     <span class='ocr_line' id='line_1_33' title="bbox 506 4039 1840 4217; baseline -0.006 -85"><span class='ocrx_word' id='word_1_274' title='bbox 506 4079 560 4144; x_wconf 83' lang='lat' dir='ltr'>te,</span> <span class='ocrx_word' id='word_1_275' title='bbox 584 4051 624 4128; x_wconf 95' lang='lat' dir='ltr'>in</span> <span class='ocrx_word' id='word_1_276' title='bbox 651 4049 784 4125; x_wconf 89' lang='lat' dir='ltr'>ltaliam</span> <span class='ocrx_word' id='word_1_277' title='bbox 806 4048 916 4120; x_wconf 86' lang='lat' dir='ltr'>Anno</span> <span class='ocrx_word' id='word_1_278' title='bbox 934 4063 1042 4139; x_wconf 79' lang='lat'>1451.</span> <span class='ocrx_word' id='word_1_279' title='bbox 1066 4039 1205 4142; x_wconf 83' lang='lat' dir='ltr'>aufugit</span> <span class='ocrx_word' id='word_1_280' title='bbox 1231 4053 1336 4144; x_wconf 90' lang='lat' dir='ltr'>atque</span> <span class='ocrx_word' id='word_1_281' title='bbox 1357 4041 1440 4217; x_wconf 64' lang='lat' dir='ltr'>post</span> <span class='ocrx_word' id='word_1_282' title='bbox 1463 4044 1581 4118; x_wconf 79' lang='lat' dir='ltr'>Romae</span> <span class='ocrx_word' id='word_1_283' title='bbox 1605 4041 1759 4143; x_wconf 90' lang='lat' dir='ltr'>sepultus</span> <span class='ocrx_word' id='word_1_284' title='bbox 1775 4045 1840 4125; x_wconf 80' lang='lat' dir='ltr'>est.</span> 
     </span>
    </p>
   </div>
   <div class='ocr_carea' id='block_1_10' title="bbox 506 4140 1844 4646">
    <p class='ocr_par' dir='ltr' id='par_1_11' title="bbox 506 4140 1842 4438">
     <span class='ocr_line' id='line_1_34' title="bbox 518 4140 1841 4242; baseline -0.008 -12"><span class='ocrx_word' id='word_1_285' title='bbox 518 4153 582 4231; x_wconf 75' lang='lat' dir='ltr'>ulo</span> <span class='ocrx_word' id='word_1_286' title='bbox 593 4147 744 4226; x_wconf 83' lang='lat' dir='ltr'>Allatius</span> <span class='ocrx_word' id='word_1_287' title='bbox 761 4141 924 4221; x_wconf 85' lang='lat' dir='ltr'>adversus</span> <span class='ocrx_word' id='word_1_288' title='bbox 937 4140 1206 4242; x_wconf 71' lang='lat' dir='ltr'>c&#39;rcyghtonum</span> <span class='ocrx_word' id='word_1_289' title='bbox 1220 4143 1342 4216; x_wconf 70' lang='lat' dir='ltr'>Facere.</span> <span class='ocrx_word' id='word_1_290' title='bbox 1395 4144 1452 4222; x_wconf 93' lang='lat' dir='ltr'>lll.</span> <span class='ocrx_word' id='word_1_291' title='bbox 1479 4149 1512 4218; x_wconf 81' lang='lat' dir='ltr'>dt</span> <span class='ocrx_word' id='word_1_292' title='bbox 1530 4147 1646 4218; x_wconf 86' lang='lat' dir='ltr'>Petrus</span> <span class='ocrx_word' id='word_1_293' title='bbox 1664 4143 1841 4220; x_wconf 86' lang='lat' dir='ltr'>Arcudius</span> 
     </span>
     <span class='ocr_line' id='line_1_35' title="bbox 506 4238 1842 4348; baseline -0.004 -22"><span class='ocrx_word' id='word_1_294' title='bbox 506 4277 560 4332; x_wconf 77' lang='lat'>,2</span> <span class='ocrx_word' id='word_1_295' title='bbox 580 4245 787 4326; x_wconf 75' lang='lat' dir='ltr'>Concordiae</span> <span class='ocrx_word' id='word_1_296' title='bbox 800 4243 846 4320; x_wconf 90' lang='lat' dir='ltr'>de</span> <span class='ocrx_word' id='word_1_297' title='bbox 858 4243 1076 4336; x_wconf 86' lang='lat' dir='ltr'>sacramentis</span> <span class='ocrx_word' id='word_1_298' title='bbox 1089 4267 1165 4344; x_wconf 88' lang='lat' dir='ltr'>cap.</span> <span class='ocrx_word' id='word_1_299' title='bbox 1177 4263 1282 4342; x_wconf 83' lang='lat' dir='ltr'>15.p.</span> <span class='ocrx_word' id='word_1_300' title='bbox 1297 4263 1380 4320; x_wconf 82' lang='lat'>112.</span> <span class='ocrx_word' id='word_1_301' title='bbox 1396 4238 1448 4342; x_wconf 90' lang='lat' dir='ltr'>sq.</span> <span class='ocrx_word' id='word_1_302' title='bbox 1494 4240 1625 4343; x_wconf 82' lang='lat' dir='ltr'>Scripta</span> <span class='ocrx_word' id='word_1_303' title='bbox 1637 4240 1735 4343; x_wconf 85' lang='lat' dir='ltr'>ejus,</span> <span class='ocrx_word' id='word_1_304' title='bbox 1761 4268 1842 4348; x_wconf 76' lang='lat' dir='ltr'>que</span> 
     </span>
     <span class='ocr_line' id='line_1_36' title="bbox 506 4340 1000 4438; baseline -0.03 -8"><span class='ocrx_word' id='word_1_305' title='bbox 506 4353 540 4430; x_wconf 80' lang='lat' dir='ltr'>lu</span> <span class='ocrx_word' id='word_1_306' title='bbox 565 4349 777 4438; x_wconf 85' lang='lat' dir='ltr'>innotuere,</span> <span class='ocrx_word' id='word_1_307' title='bbox 801 4345 879 4421; x_wconf 72' lang='lat' dir='ltr'>hacc</span> <span class='ocrx_word' id='word_1_308' title='bbox 894 4340 1000 4418; x_wconf 90' lang='lat' dir='ltr'>sunt:</span> 
     </span>
    </p>

    <p class='ocr_par' dir='ltr' id='par_1_12' title="bbox 506 4437 1844 4646">
     <span class='ocr_line' id='line_1_37' title="bbox 619 4437 1844 4544; baseline -0.007 -21"><span class='ocrx_word' id='word_1_309' title='bbox 619 4492 649 4526; x_wconf 63' lang='lat' dir='ltr'>r.</span> <span class='ocrx_word' id='word_1_310' title='bbox 681 4449 733 4520; x_wconf 79' lang='lat' dir='ltr'>Ad</span> <span class='ocrx_word' id='word_1_311' title='bbox 741 4449 955 4544; x_wconf 57' lang='lat' dir='ltr'>superiorem</span> <span class='ocrx_word' id='word_1_312' title='bbox 967 4443 1220 4539; x_wconf 74' lang='lat' dir='ltr'>Tropewnrium</span> <span class='ocrx_word' id='word_1_313' title='bbox 1234 4438 1354 4518; x_wconf 82' lang='lat' dir='ltr'>Oratio</span> <span class='ocrx_word' id='word_1_314' title='bbox 1364 4437 1601 4542; x_wconf 82' lang='lat' dir='ltr'>iiveEpistola</span> <span class='ocrx_word' id='word_1_315' title='bbox 1610 4440 1657 4520; x_wconf 82' lang='lat' dir='ltr'>de</span> <span class='ocrx_word' id='word_1_316' title='bbox 1670 4439 1769 4519; x_wconf 71' lang='lat' dir='ltr'>iactis</span> <span class='ocrx_word' id='word_1_317' title='bbox 1780 4437 1844 4516; x_wconf 87' lang='lat' dir='ltr'>do·</span> 
     </span>
     <span class='ocr_line' id='line_1_38' title="bbox 506 4529 1842 4646; baseline -0.003 -28"><span class='ocrx_word' id='word_1_318' title='bbox 506 4564 627 4630; x_wconf 58' lang='lat' dir='ltr'>...ultus</span> <span class='ocrx_word' id='word_1_319' title='bbox 679 4545 821 4646; x_wconf 64' lang='lat' dir='ltr'>incipit:</span> <span class='ocrx_word' id='word_1_320' title='bbox 834 4544 922 4624; x_wconf 67' lang='lat' dir='ltr'>sinric</span> <span class='ocrx_word' id='word_1_321' title='bbox 935 4529 964 4612; x_wconf 67' lang='grc' dir='ltr'>α’·</span> <span class='ocrx_word' id='word_1_322' title='bbox 973 4539 1117 4626; x_wconf 63' lang='lat' dir='ltr'>Snc&#39;soelr</span> <span class='ocrx_word' id='word_1_323' title='bbox 1130 4539 1280 4618; x_wconf 62' lang='lat' dir='ltr'>sanderi.</span> <span class='ocrx_word' id='word_1_324' title='bbox 1317 4542 1420 4618; x_wconf 78' lang='lat' dir='ltr'>Edita</span> <span class='ocrx_word' id='word_1_325' title='bbox 1431 4539 1842 4622; x_wconf 75' lang='lat' dir='ltr'>Graece&amp;l.atineabAl·</span> 
     </span>
    </p>
   </div>
   <div class='ocr_carea' id='block_1_11' title="bbox 506 4642 1843 4836">
    <p class='ocr_par' dir='ltr' id='par_1_13' title="bbox 506 4642 1843 4836">
     <span class='ocr_line' id='line_1_39' title="bbox 506 4642 1843 4836; baseline -0.007 -106"><span class='ocrx_word' id='word_1_326' title='bbox 506 4642 1587 4836; x_wconf 58' lang='lat' dir='ltr'>oTom.1.GraeciaeOrthodoxaep.4r9·4{{.bllc;m.1652·4.</span> <span class='ocrx_word' id='word_1_327' title='bbox 1726 4739 1843 4812; x_wconf 57' lang='lat' dir='ltr'><em>m</em></span> 
     </span>
    </p>
   </div>
   <div class='ocr_carea' id='block_1_12' title="bbox 0 0 2450 5667">
    <p class='ocr_par' dir='ltr' id='par_1_14' title="bbox 0 0 2450 5667">
     <span class='ocr_line' id='line_1_40' title="bbox 0 0 2450 5667; baseline 0 0"><span class='ocrx_word' id='word_1_328' title='bbox 0 0 2450 5667; x_wconf 95' lang='lat' dir='ltr'> </span> 
     </span>
    </p>
   </div>
  </div>
 </body>
</html>
