4892 5667
1023 863 1456 948 Hnololomn..
1858 883 1929 964 621

541 1021 596 1095 ter
621 1015 842 1094 admonitum
861 1028 897 1094 te
916 1011 1028 1125 velim
1053 1015 1202 1106 Lesbos,
1225 1015 1427 1118 scriptorem
1446 1017 1566 1112 bunc,
1591 1021 1680 1101 dum
1704 1023 1750 1102 de
1775 1032 1925 1134 Angelis

541 1123 580 1193 dt
603 1142 726 1193 eorum
745 1114 944 1192 ministeriis
970 1125 1066 1215 agit,
1090 1115 1204 1190 multa
1227 1137 1321 1190 nova
1338 1169 1348 1203 ,
1368 1112 1570 1218 incompta,
1594 1144 1720 1222 pamm
1745 1127 1925 1210 catholica

517 1239 589 1316 ,ex
609 1218 700 1291 male
718 1213 800 1288 lano
817 1211 880 1290 suo
897 1209 1005 1315 genio
1018 1233 1170 1311 egerere.
1215 1209 1388 1319 Qiamvis
1400 1211 1498 1290 enim
1519 1217 1577 1292 alii
1599 1217 1647 1295 de
1670 1222 1819 1324 Angelis
1831 1234 1924 1306 mul.

539 1325 576 1390 ta
596 1337 708 1417 eaque
729 1311 929 1412 blasphema
952 1307 1209 1422 congesserint,
1230 1313 1348 1385 nullus
1372 1322 1492 1387 tamen
1515 1314 1583 1391 hoc
1606 1315 1726 1406 nostro
1747 1319 1923 1408 absurdior
2031 1403 2034 1410 ,

538 1421 575 1490 br
597 1409 796 1488 temerarior
820 1407 1105 1510 deprehenditur.
1165 1409 1212 1484 Et
1231 1431 1280 1484 ne
1304 1433 1364 1484 me
1388 1408 1452 1486 ista
1476 1411 1610 1514 lingere
1631 1427 1756 1516 putes,
1791 1421 1932 1525 aliquot,

540 1510 635 1586 illius
656 1503 753 1584 disis
782 1505 997 1610 compendio
1020 1531 1065 1585 ex
1090 1507 1156 1584 hac
1182 1505 1339 1584 oratione
1360 1523 1520 1610 excerpta
1545 1537 1741 1612 proponam
1766 1574 1778 1606 ‚
1824 1534 1865 1598 ut
1891 1519 1921 1598 fi

538 1608 685 1712 quando
710 1606 749 1682 in
774 1630 854 1683 eam
875 1604 1068 1696 incideris,
1106 1619 1251 1697 cautus,
1289 1605 1334 1684 ed
1464 1632 1510 1686 ue
1531 1608 1702 1688 inoffenso
1728 1613 1820 1716 pede
1842 1642 1921 1719 per.

534 1707 695 1786 transeas.
740 1701 863 1784 Scribit
885 1705 1006 1817 itaque
1030 1706 1188 1808 Angelos
1209 1702 1310 1781 nobis
1327 1703 1367 1782 iu
1488 1705 1584 1785 ¹diam
1611 1711 1732 1803 datos,
1755 1713 1844 1792 dum
1857 1741 1921 1797 no·

535 1803 592 1886 bis
616 1805 829 1897 adhaerent,
866 1808 975 1907 gloria
1006 1802 1129 1879 divina
1153 1801 1284 1904 privari
1308 1863 1319 1895 ,
1359 1801 1457 1902 cujus
1486 1807 1681 1907 privatione
1697 1807 1920 1918 summopere

537 1904 705 1986 eruciari:
743 1903 803 1980 sed
823 1908 937 1980 multo
961 1900 1072 2003 magis
1095 1901 1196 2001 angi,
1229 1927 1312 1978 cum
1331 1903 1441 1979 homo
1454 1902 1492 1980 in
1504 1907 1699 1986 custodiam
1724 1909 1823 1990 datus
1837 1939 1919 2017 pec·

538 2005 622 2082 catis
647 2002 845 2093 obnoxius,
870 1999 946 2077 fine
972 2000 1031 2102 spe
1043 2000 1309 2174 remediiprove
1323 2001 1461 2103 agendo
1487 2005 1703 2104 perseveret,
1730 2024 1918 2094 contumax
2065 2043 2075 2060 ·

536 2117 643 2209 atque
656 2102 870 2178 obstinatus:
897 2100 1050 2202 ideoque
1074 2100 1233 2204 impene
1259 2103 1375 2175 Deum
1398 2125 1555 2192 exorare,
1580 2117 1620 2180 ut
1644 2105 1858 2202 misereatur,
1883 2121 1923 2190 δι

536 2201 776 2380 ἕρεῗοῑῖῗὲζ
797 2199 960 2378 slsis
973 2197 1193 2375 sdqiidi
1217 2195 1920 2402 serisisssi‘issdffifflidiiiiiii

536 2329 731 2504 piepviiam
752 2399 931 2476 traducere
957 2393 1079 2486 videt,
1104 2394 1258 2502 gaudet,
1281 2415 1450 2504 tanquam
1475 2397 1537 2500 qui
1563 2402 1641 2502 post
1666 2393 1758 2480 illius
1778 2404 1916 2485 obitum

533 2498 658 2598 majori
678 2498 787 2600 gloria
812 2507 846 2574 δε
871 2497 1007 2572 honore
1029 2490 1071 2569 su
1095 2505 1278 2594 potiturus.
1330 2500 1463 2571 Primus
1483 2521 1567 2574 cum
1585 2500 1771 2580 hommem
1796 2505 1917 2582 errori·

532 2597 600 2679 bus
612 2597 833 2708 implicatum
844 2593 976 2682 cernit,
999 2588 1163 2692 angitur,
1187 2615 1235 2665 ne
1260 2591 1353 2700 ignis
1369 2594 1502 2672 celitus
1523 2595 1715 2675 adveniens
1737 2625 1820 2676 cum
1835 2627 1917 2704 pec·

513 2713 647 2778 ¹calore
672 2694 788 2798 ipsum
808 2718 954 2795 quoque
978 2689 1124 2766 devoret
1150 2715 1165 2797 ς,
1195 2691 1438 2798 ·&·cum'l)eo
1462 2692 1586 2769 scelera
1606 2703 1819 2793 exponunt,
1854 2725 1915 2801 ge·

530 2809 638 2878 munt
663 2798 879 2892 eplorant,
912 2789 1108 2891 timoreque
1130 2787 1246 2861 drvrnt
1270 2784 1394 2860 suroris
1421 2797 1655 2892 torquentur,
1680 2817 1727 2868 ne
1742 2819 1812 2871 una
1831 2823 1914 2875 cum

528 2889 769 3002 peecatoribus
794 2917 815 2966 a
838 2887 928 2966 facie
950 2887 1073 2966 divina
1091 2881 1198 2985 ejetli
1221 2882 1516 2969 condemnentur.
1562 2887 1679 2967 His&
1702 2890 1774 2968 aliis
1796 2895 1914 2997 nugis,

521 3019 579 3076 ne
597 2995 637 3070 in
656 2987 724 3066 illis
748 2985 979 3066 enunciandis
1002 2999 1141 3087 tempus
1168 2998 1346 3062 conteram
1373 3041 1383 3076 ,
1425 2999 1496 3063 tota
1521 3013 1562 3064 ea
1587 2990 1694 3068 oratio
1718 2991 1762 3067 ad
1782 2992 1913 3071 sitiera-

527 3107 605 3174 tem
620 3111 756 3190 usque,
780 3111 860 3192 quae
875 3086 951 3186 jam
976 3084 1049 3162 dixi
1067 3083 1203 3186 aliaque
1222 3095 1383 3194 repetens
1400 3083 1597 3167 absumitur.
1668 3095 1833 3193 Quonam
1853 3093 1912 3169 hic
1968 3165 1974 3183 ,

528 3189 658 3267 vixerit
680 3200 860 3287 tempore,
887 3190 946 3262 vel
966 3184 1065 3284 cujus
1085 3183 1295 3260 conditionis
1319 3183 1385 3258 Vir
1408 3182 1535 3275 fuerit,
1557 3209 1633 3262 non
1656 3189 1793 3292 liquet,
1829 3195 1910 3270 licet

526 3284 669 3366 nomini
687 3283 919 3388 prepositum
941 3283 1006 3376 fit,
1032 3283 1131 3387 quod
1154 3280 1291 3360 sanetis
1315 3280 1420 3358 tribui
1442 3282 1526 3360 solet
1549 3283 1589 3361 in
1613 3287 1705 3366 Cod.
1729 3291 1802 3366 MS.
1835 3284 1911 3374 §rb

528 3383 637 3482 αἰγίοις
660 3391 784 3487 πατρὸς
808 3387 920 3478 spuis,
947 3391 981 3458 S.
1005 3389 1113 3458 Patris
1135 3385 1240 3481 nostri.
1293 3380 1362 3460 Sed
1380 3382 1524 3459 titulum
1540 3383 1637 3462 hunc
1656 3386 1696 3462 iu
1722 3387 1909 3466 senescenti

529 3484 684 3598 Gracia,
710 3496 743 3564 br
765 3512 784 3562 a
807 3511 932 3563 norma
950 3489 1096 3576 ,l'atrum
1121 3482 1322 3603 deerrante,
1359 3479 1586 3583 iniquissimis
1609 3484 1714 3562 etiam
1739 3486 1908 3565 tributum

524 3609 605 3662 com
633 3610 715 3662 erro.
1587 3613 1593 3624 ·

607 3612 631 3687 p
673 3687 716 3760 In
746 3683 841 3762 libris
868 3681 1112 3764 Ecclesiasticis
1135 3685 1338 3762 Graecorum
1368 3739 1379 3772 ,
1414 3677 1475 3758 sed
1507 3682 1747 3784 manuscriptis
1776 3684 1910 3786 potisfi-

525 3810 655 3873 mum,
692 3785 858 3885 pleraque
875 3783 1045 3886 Troparia
1062 3808 1139 3858 non
1161 3778 1373 3892 inelegantia
1392 3784 1597 3878 'Hagiopolirae
1619 3784 1760 3859 cuidam
1778 3784 1908 3887 absque

525 3883 677 3959 nomine
700 3878 940 3956 tribuuntur:
988 3903 1071 3992 quae
1098 3903 1159 3954 me
1183 3878 1305 3976 judice
1340 3876 1486 3974 hujusce
1513 3880 1657 3982 Georgii
1687 3908 1763 3958 non
1795 3901 1906 3961 erunt.

524 3984 614 4061 Non
637 3979 724 4056 tanti
750 3978 884 4055 aestimo
906 3979 1116 4054 hommem:
1161 4000 1202 4054 ea
1227 3977 1342 4078 potius
1359 3974 1540 4076 scripsere,
1582 3984 1640 4057 vel
1666 3985 1814 4076 Sergius,
1849 3990 1907 4060 vel

523 4084 701 4176 Stephanus
723 4076 979 4178 Hagiopolitae,
1005 4074 1257 4177 Tropariorum
1280 4073 1448 4150 similium
1474 4072 1672 4169 Antores,
1710 4107 1826 4182 neque
1851 4084 1906 4159 iu·

523 4177 603 4254 fimi
629 4177 807 4265 nominis,
832 4201 951 4280 neque
975 4175 1239 4252 contemnendi.
1286 4177 1338 4252 De
1359 4172 1487 4277 quibus
1506 4173 1546 4250 in
1569 4175 1657 4254 libro
1671 4204 1751 4255 meo
1773 4181 1818 4258 de
1831 4183 1907 4260 Me·

523 4277 615 4353 lodis
634 4280 835 4356 Graecorum
857 4275 962 4351 verba
984 4274 1087 4353 facio.
1971 4331 1981 4352 ,

593 4419 606 4438 ·
683 4379 771 4451 Xlll.
800 4376 993 4451 GEORGII
1018 4373 1342 4452 CHOEROBOSCI
1363 4372 1587 4451 Grammatici
1608 4375 1769 4477 quasdam
1782 4380 1904 4456 excusa
1947 4463 1952 4470 ,

520 4473 602 4552 sunt
618 4472 656 4549 in
672 4473 884 4575 Appendice
900 4470 1017 4551 Lexici
1039 4471 1430 4647 Graecobatinibpildqi
1443 4472 1570 4576 quibus
1594 4474 1719 4555 scilicet
1739 4476 1904 4650 disbiqni·

1448 4593 1469 4666 3
1863 4603 1902 4651 us

564 4693 597 4774 p)
621 4693 1182 4756 ddcalcemericiGraeco-latiniexcufi
1191 4693 1699 4762 venetiislnaedibmnldlaaweae
1708 4699 1904 4760 asulanisoce.

561 4857 564 4862 Ι
605 4781 677 4861 rin.
698 4793 783 4865 1523.
798 4780 852 4850 sol.
876 4780 1023 4845 exhibetur
1039 4780 1264 4864 spospasmarioo
1285 4773 1351 4855 σὲἰ
1375 4778 1596 4874 ἑγωῃῷῑω,
1614 4786 1653 4857 ἐκ
1670 4784 1728 4861 55,
1745 4775 1774 4867 ff
1793 4809 1900 4885 χωρ.
