4892 5667
713 845 930 934 austun
952 849 1288 928 RENAUDOTI
1314 847 1442 932 mss.
1707 871 1778 946 349

383 1005 485 1093 leret,
512 1002 549 1081 di
563 1005 649 1104 quod
662 1013 790 1078 invitus
805 1006 850 1078 ad
860 1007 1061 1104 tranquillam
1075 1013 1177 1078 vitam
1191 1007 1394 1099 confugerem.
1452 1011 1550 1084 Illam
1577 1006 1676 1082 enim
1701 1033 1780 1082 cau·

385 1101 457 1177 sam
475 1103 643 1204 affignat,
669 1129 733 1180 cur
754 1103 842 1179 vivo
865 1107 1004 1206 Joanne
1029 1115 1157 1178 votum
1178 1102 1377 1180 monastica
1399 1105 1481 1182 vitae
1502 1105 1565 1182 diu
1587 1117 1667 1182 ante
1696 1132 1779 1183 con·

385 1213 529 1302 ceptum
545 1229 622 1277 non
633 1201 849 1304 impleverit.

550 1337 586 1409 7.
638 1317 694 1389 Eo
717 1313 824 1391 etiam
848 1325 1048 1414 regnante,
1085 1311 1165 1416 post
1186 1311 1338 1389 reditum
1362 1337 1405 1389 ex
1429 1311 1523 1389 ltalia
1545 1311 1674 1424 scripsit
1696 1321 1781 1393 Ora·

385 1412 501 1490 tiones
525 1411 564 1484 in
584 1411 811 1488 homiliarum
836 1411 987 1486 modum
1009 1417 1160 1503 multas,
1194 1437 1273 1515 quae
1298 1412 1502 1514 legebantur
1524 1413 1700 1489 concionis
1730 1419 1782 1488 lo-

386 1535 452 1600 co,
480 1514 539 1585 vel
563 1511 821 1602 scribebantur,
862 1512 1049 1613 postquam
1074 1511 1155 1586 viva
1179 1537 1269 1589 voce
1294 1526 1390 1587 erant
1415 1512 1636 1602 declamata,
1677 1529 1716 1587 ut
1739 1539 1782 1588 ex

385 1609 646 1708 inscriptione,
711 1636 764 1687 uae
787 1609 934 1687 occurrit
958 1613 998 1686 in
1017 1611 1135 1686 nostro
1158 1609 1279 1686 codice
1304 1610 1512 1712 colligimus.
1585 1609 1659 1687 Etsi
1683 1610 1780 1687 enim

383 1706 507 1815 Laicus
534 1735 647 1811 usque
674 1638 717 1787 ab
738 1709 929 1810 susceptam
955 1709 1215 1786 Patriarcbalem
1241 1710 1449 1813 dignitatem
1475 1707 1648 1812 Georgius
1675 1711 1781 1785 Scho-

351 1817 358 1824 '
383 1807 489 1878 larius
512 1807 662 1896 vixerit,
700 1807 761 1883 vix
782 1825 902 1884 tamen
925 1808 1083 1886 dubitare
1114 1810 1217 1900 licet,
1257 1835 1341 1885 eum
1368 1836 1481 1885 coram
1509 1814 1719 1911 Imperatore
1744 1815 1778 1884 ὅ(

382 1907 514 1980 Senatu
535 1904 680 2008 lingulis
692 1907 792 1983 sextis
816 1905 908 1982 feriis
927 1933 971 1982 ex
992 1906 1159 2010 suggestu
1174 1909 1420 1984 concionatum
1439 1908 1562 2000 fuiffe,
1592 1934 1668 1984 non
1681 1907 1780 2010 quod

382 2004 603 2104 magistratus
632 2008 711 2096 ille,
739 2032 847 2109 quem
898 2007 1041 2096 erebat,
1082 2008 1343 2085 ecclesiasticam
1366 2008 1546 2111 quandam
1568 2005 1779 2109 dignitatem

384 2100 591 2200 adjuntlam
618 2106 792 2196 haberet,
832 2107 855 2182 s
945 2107 1000 2180 uia
1025 2107 1062 2181 in
1085 2109 1309 2210 Imperatorio
1339 2108 1487 2184 triclinio
1515 2105 1718 2206 vespertinis
1746 2115 1779 2182 δι

382 2203 634 2302 pomeridianis
655 2206 748 2281 horis
771 2132 1008 2296 declamaibat,
1036 2233 1111 2282 non
1138 2234 1181 2283 ex
1206 2208 1380 2296 ambone,
1410 2227 1468 2284 aut
1493 2233 1598 2282 mane
1622 2205 1712 2280 inter
1723 2203 1778 2302 sy-

381 2325 489 2377 nares
517 2330 527 2392 ;
587 2305 655 2380 hoc
680 2304 777 2381 enim
801 2305 1027 2381 sacerdotum
1050 2306 1245 2383 secundum
1267 2307 1528 2383 ecclesiasticam
1559 2303 1779 2416 disciplinam

380 2425 516 2578 aganus
537 2416 630 2493 erat,
660 2414 693 2481 ὅ(
719 2401 847 2480 ssmiles
869 2404 994 2480 Leonis
1009 2406 1206 2508 Philosophi
1225 2417 1258 2484 ὁ(
1279 2408 1410 2510 aliquot
1430 2407 1577 2482 aliorum
1595 2410 1787 2481 Larcorum'

418 2513 567 2578 rationes
594 2517 723 2584 extant.
1875 2513 1878 2518 ’

543 2630 576 2703 8.
630 2623 665 2694 T
668 2620 794 2694 estatur
808 2616 879 2719 ipsc
893 2619 1110 2710 Scholarius,
1147 2615 1409 2697 reconciliatum
1429 2619 1574 2694 tandem
1593 2614 1657 2691 fibi
1677 2615 1777 2694 tuille
1904 2683 1913 2688 .
2011 2723 2016 2746 Ι

379 2731 539 2794 extremo
562 2716 643 2793 vitas
668 2735 825 2817 tempore
848 2723 1026 2819 Joannem
1055 2717 1324 2817 imperatorem,
1357 2716 1505 2817 jamque
1529 2712 1593 2789 fibi
1617 2740 1692 2788 non
1716 2713 1776 2790 ob·
1800 2733 1802 2738 '

379 2817 480 2894 scure
494 2816 675 2894 faventem
692 2817 896 2893 vitamcum
912 2831 1024 2892 morte
1047 2815 1282 2891 commutalle.
1360 2812 1531 2917 Quamvis
1559 2839 1661 2912 porro
1683 2811 1779 2913 apud

380 2915 524 2994 Latinos
536 2943 661 2992 omnes
676 2929 810 2992 acriores
824 2926 857 2992 ὅ(
873 2919 1011 2990 Graecos
1025 2917 1159 2992 Unioni
1178 2912 1338 2992 additios
1351 2919 1533 3016 legamus,
1560 2909 1777 3011 Imperatoris

381 3013 543 3092 minum
560 3043 580 3090 a
595 3015 805 3103 concordia,
845 3041 954 3117 quam
976 3016 1158 3091 Florentiae
1178 3012 1302 3090 subscri
1332 3014 1427 3090 tione
1450 3012 1668 3102 firmaverat,
1695 3035 1777 3085 nus·

385 3137 492 3216 quam
518 3115 620 3191 fuille
644 3117 863 3204 alienatum,
898 3113 1101 3191 dirlentiunt
1121 3131 1241 3189 tamen
1265 3041 1477 3191 Sciiifinatici
1503 3111 1613 3188 ferme
1639 3136 1776 3188 omnes.

386 3215 436 3288 ln
457 3207 586 3316 legitur
607 3213 645 3289 in
665 3214 767 3290 titulo
792 3213 1049 3309 l’seudosynodi
1072 3213 1495 3383 Constantinopolitanae,
1522 3211 1561 3286 in
1589 3207 1777 3286 Addendis

383 3313 477 3416 apud
487 3315 656 3390 Allatium
673 3339 682 3387 ε
710 3317 730 3358 ⁴‘
742 3319 834 3408 Qua,
842 3313 970 3416 inquil,
979 3317 1085 3386 habita
1084 3316 1159 3408 fuit
1161 3315 1228 3414 pasl
1236 3341 1294 3387 exa
1326 3339 1376 3385 am
1389 3311 1641 3410 Pseudosynadun
1652 3305 1784 3383 Florem

379 3421 591 3488 tinamrmius
600 3415 638 3492 (5
646 3415 771 3486 dimidii
780 3422 858 3484 aristi
867 3417 1041 3501 irrrervalb,
1057 3414 1162 3513 &post
1172 3417 1289 3486 abitum
1302 3414 1442 3509 Jaannis
1453 3415 1630 3506 Palaealagr‘,
1644 3416 1700 3510 qui
1708 3435 1777 3478 cum

381 3513 514 3588 latinis
512 3513 689 3608 sentiebat,
715 3517 752 3584 ab
764 3516 853 3584 ltalia
854 3513 914 3606 sal
916 3515 974 3610 spe
983 3519 1098 3584 arixilii
1106 3516 1254 3608 delrcfus,
1283 3506 1776 3584 antecamenobitum-orthodoxo

380 3613 523 3708 dogmati
536 3613 873 3711 afferrfrrrnpraehurr.zr.
925 3618 1031 3687 'l'unc
1053 3611 1247 3688 Scholarius
1268 3607 1466 3686 domesticis
1487 3605 1588 3681 rebus
1611 3603 1776 3680 ordinatis

381 3700 555 3788 arcnosi
569 3711 637 3787 sese
652 3712 691 3786 in
705 3712 957 3787 Monallcrium
974 3725 1195 3810 recepturus,
1230 3733 1313 3784 cum
1325 3704 1544 3808 propositum
1557 3717 1692 3780 mutare
1702 3730 1777 3779 coa·

387 3805 544 3890 aasest.
619 3810 716 3887 Obiit
737 3810 864 3885 eodem
885 3807 1018 3884 circiter
1032 3823 1192 3908 tempore
1213 3811 1350 3882 Marcus
1376 3811 1406 3880 1⁴:
1432 3801 1547 3880 hesrus
1570 3808 1674 3904 paulo
1699 3819 1778 3881 ante

384 3921 538 3984 mortem
553 3910 702 4013 Joannis
721 3905 914 4007 l'alaeologi.
946 3931 952 3940 ·
992 3907 1165 4006 Georgius
1188 3901 1367 3980 morientis
1392 3831 1566 4012 liipremas
1590 3930 1692 3979 voces
1721 3930 1780 3979 ex·

381 4009 498 4110 cepit,
523 4021 557 4086 bt
572 4011 610 4086 in
623 4009 697 4108 ejus
709 4007 816 4082 verba
823 4004 979 4103 jcuavit,
1005 4001 1287 4100 Deo&rlngclis
1301 4001 1338 4078 in
1362 4001 1605 4079 testimonium
1631 4004 1777 4080 advoca·

381 4107 454 4199 tis,
481 4109 697 4185 servaturum
707 4108 741 4183 se
758 4111 913 4182 veterem
929 4103 1063 4195 fidem,
1088 4112 1122 4180 ὃ(
1134 4118 1250 4177 contra
1266 4100 1503 4179 florentinam
1515 4101 1686 4180 unionem
1700 4129 1777 4206 per·

411 4223 496 4284 etuo
508 4233 552 4286 ex
566 4207 669 4283 amici
682 4217 715 4284 bt
727 4205 946 4308 praceptoris
963 4201 1013 4279 sui
1029 4202 1198 4279 sententia
1212 4219 1466 4304 pugnaturum.
1518 4205 1601 4281 Hac
1616 4204 1687 4306 ipse
1702 4202 1778 4282 scri-

381 4237 659 4410 birmEpiston
678 4307 722 4382 ad
738 4304 1142 4406 constantinopolitanos
1163 4317 1330 4404 tanquam
1352 4301 1556 4380 notissima:
1596 4321 1776 4382 mortuum

382 4433 471 4485 vero
485 4405 643 4484 oratione
652 4405 831 4494 laudavit,
858 4429 938 4507 qua
950 4417 1042 4479 extat
1053 4403 1093 4477 in
1104 4402 1207 4476 variis
1224 4403 1412 4483 codicibus.
1481 4408 1609 4481 Extant
1632 4425 1776 4507 quoque

382 4507 424 4584 in
436 4505 620 4584 codicibus
632 4506 747 4610 Regiis
763 4518 914 4580 extrema
928 4503 1035 4580 Marci
1049 4499 1191 4603 Ephefii
1216 4505 1373 4583 morituri
1397 4503 1441 4584 ad
1468 4507 1683 4581 Scholarium
1697 4525 1776 4575 ver·

1202 4606 1308 4702 Xx3
1590 4599 1775 4726 '··ba,

426 4803 538 4864 *aa
549 4805 592 4862 aa
603 4804 623 4861 1·
634 4818 664 4885 r·
678 4811 807 4886 nerea·
821 4799 932 4884 af,
944 4807 1023 4884 aa·
1039 4798 1148 4884 aar·
